1471 2585
216 83 265 118 52
540 94 742 118 Tuscunfm
775 93 1076 120 DISPUTATmNS.
1208 80 1398 134 [35—37.

216 201 332 237 quum
369 189 421 225 ibi
457 201 589 233 essem,
621 189 830 234 audiebam,
862 190 907 226 ad
941 203 1093 235 necem;
1131 203 1290 239 quorum
1324 203 1400 228 non

216 243 327 278 modo
347 255 456 278 nemo
476 242 703 278 exclamavit
721 255 915 291 umquam,
938 244 1003 279 sed
1030 256 1077 280 ne
1105 244 1288 293 ingemuit
1316 245 1402 293 qui-

216 296 313 332 dem.
364 296 468 335 Quid
487 296 600 343 ergo?
621 295 690 332 hoc
709 297 815 344 pueri
835 304 1002 345 possunt,
1020 297 1088 333 viri
1107 310 1180 334 non
1197 298 1400 346 poterunt?

217 357 255 385 et
274 362 354 384 mos
374 350 485 393 valet,
502 349 593 385 ratio
611 361 686 385 non
708 350 871 386 valebit?

160 408 198 438 3-5
270 402 358 439 XV.
390 403 554 438 Interest
571 402 710 451 aliquid
729 403 826 439 inter
844 403 1007 440 laborem
1030 411 1067 440 et
1095 404 1281 449 dolorem3
1315 411 1404 441 sunt

217 456 377 492 finitima
403 456 568 498 omnino,
589 456 651 491 sed
682 462 806 492 tamen
835 457 957 492 differt
985 457 1138 505 aliquid.
1195 457 1318 494 Labor
1345 467 1403 494 est

216 509 359 546 functio
380 510 553 556 quaedam
576 509 634 545 vel
654 510 768 545 animi
796 510 856 545 vel
885 511 1046 558 corporis
1073 511 1251 559 gravioris
1280 512 1401 559 operis

218 570 255 598 et
274 563 462 607 muneris;
485 563 591 598 dolor
610 570 732 598 autem
755 570 879 598 motus
899 576 1005 611 asper
1022 565 1060 600 in
1078 577 1240 612 corpore,
1257 565 1402 601 alienus

217 628 238 651 a
258 616 441 652 sensibus.
500 616 597 652 Haee
616 616 690 651 duo
712 617 837 652 Graeci
863 617 930 660 illi,
951 629 1110 664 quorum
1138 618 1320 666 copiosior
1346 626 1404 654 est

215 669 346 717 lingua
365 682 478 718 quam
498 677 635 712 nostra,
657 682 731 705 uno
751 670 901 706 nomine
921 671 1122 718 appellant.
1181 671 1316 719 ltaque
1343 672 1402 707 in-

217 723 378 758 dustrios
398 722 566 758 homines
585 723 639 758 illi
659 723 845 759 studiosos
866 723 926 759 vel
945 724 1069 771 potius
1085 732 1252 761 amantes
1266 725 1403 761 doloris

217 776 418 824 appellant,
447 789 516 811 nos
544 776 777 812 commodius
803 776 1017 813 laboriosos.
1075 778 1190 814 Aliud
1219 785 1275 814 est
1303 778 1403 814 enim

215 828 394 873 laborare,
429 829 530 865 aliud
561 829 700 865 dolere.
758 830 791 866 Ο
829 830 1025 866 verborum
1062 831 1168 879 inops
1202 832 1402 876 interdum,

217 883 356 931 quibus
375 883 563 919 abundare
584 890 618 918 te
638 896 784 931 semper
813 891 935 931 putas,
957 885 1103 920 Graecia
1121 885 1127 921 Σ
1186 885 1316 929 Aliud,
1345 886 1403 921 in·

217 948 342 983 quam,
372 943 428 972 est
455 936 590 978 dolere,
611 936 713 972 aliud
740 937 917 973 laborare.
975 938 1103 976 Quum
1134 938 1272 974 varices
1301 951 1403 975 seca-

216 990 353 1025 bantur
383 990 426 1026 C.
450 989 582 1033 Mario,
603 990 777 1034 dolebat;
809 1003 926 1038 quum
956 999 1052 1027 aestu
1080 1004 1216 1040 magno
1245 992 1405 1029 ducebat

218 1055 363 1091 agmen,
383 1043 585 1079 laborabat.
645 1043 716 1079 Est
735 1044 828 1079 inter
848 1044 929 1080 haec
949 1045 1120 1092 quaedam
1149 1053 1274 1081 tamen
1303 1046 1405 1081 simi-

217 1096 350 1133 litudo.
410 1096 653 1132 Consuetudo
672 1097 770 1132 enim
797 1097 966 1132 laborum
996 1098 1270 1146 perpessionem
1298 1099 1404 1135 dolo-

161 1158 199 1188 36
218 1162 301 1186 rum
320 1150 453 1186 efficiet
472 1149 688 1185 faciliorem.
738 1150 874 1198 Itaque
893 1151 960 1195 illi,
982 1152 1046 1203 qui
1068 1152 1226 1188 Graeciae
1247 1151 1404 1189 formam

217 1215 340 1238 rerum
370 1203 602 1252 publicarum
630 1203 825 1248 dederunt,
862 1216 1015 1252 corpora
1044 1205 1230 1253 juvenum
1267 1206 1405 1242 firmari

217 1256 342 1292 labore
376 1257 586 1292 volucrunt.
645 1257 759 1295 Quod
794 1258 991 1305 Spartiatae
1023 1259 1133 1294 etiam
1172 1259 1209 1294 in
1247 1259 1404 1295 feminas

195 1310 500 1357 *transtulerunss
522 1322 608 1357 quae
642 1310 772 1345 ceteris
800 1310 836 1345 in
870 1311 1024 1346 urbibus
1052 1311 1272 1349 mollissimo
1300 1313 1405 1349 cultu

216 1364 399 1410 parietum
421 1362 564 1399 umbris
583 1363 818 1400 occuluntur.
868 1364 931 1399 Illi
952 1372 1077 1400 autem
1098 1365 1298 1402 voluerunt
1312 1366 1406 1415 nihil

217 1416 349 1452 horum
371 1417 490 1452 simile
511 1429 590 1452 esse

730 1479 818 1519 apud
836 1479 992 1510 Lacaenas
1008 1481 1163 1519 viraines,

347 1521 473 1557 Quibus
489 1521 592 1561 magis
607 1522 771 1561 palaestra,
788 1522 923 1561 Eurota,
938 1524 997 1561 sol,
1012 1525 1131 1563 pulvis,
1146 1525 1248 1564 labor,

347 1564 469 1595 Militia
483 1564 515 1594 in
532 1564 639 1595 studio
655 1570 715 1604 est,
731 1568 828 1605 quain
846 1567 997 1597 fertilitas
1010 1567 1162 1598 barbara.

219 1633 319 1681 Ergo
337 1633 395 1668 his
415 1632 607 1668 laboriosis
635 1632 965 1668 exercitationibus
994 1640 1030 1668 et
1059 1634 1164 1670 dolor
1191 1634 1404 1672 intercurrit

218 1699 524 1734 nonnumquam:
554 1686 812 1733 impelluntur,
839 1686 1034 1729 feriuntur,
1065 1687 1304 1736 abjiciuntur,
1343 1701 1402 1725 ca-

219 1740 339 1784 dunt3
379 1748 416 1775 et
451 1739 531 1788 ipse
567 1739 672 1775 labor
707 1739 813 1788 quasi
850 1739 988 1776 callum
1025 1741 1214 1788 quoddam
1251 1742 1404 1778 obducit

219 1793 348 1829 dolori.

163 1852 201 1885 37
273 1846 385 1882 XVI.
418 1845 595 1882 Militiam
629 1859 714 1882 vero
743 1843 927 1894 (nostram
964 1846 1059 1890 dico,
1089 1859 1163 1883 non
1198 1847 1403 1896 Spartiata-

219 1912 314 1943 rum,
334 1912 493 1947 quorum
524 1900 690 1947 procedit
717 1912 848 1947 agmen
878 1900 923 1935 ad
952 1900 1093 1941 tibiam,
1114 1913 1181 1936 nec
1209 1902 1405 1938 adhibetur

221 1953 297 1989 ulla
317 1954 395 1988 sine
423 1953 623 2000 anapaestis
652 1953 809 2001 pedibus
838 1952 1188 2001 hortatio)—nostri
1217 1956 1403 1991 exercitus

220 2007 382 2054 primum
402 2006 500 2042 unde
521 2018 654 2042 nomen
675 2006 848 2051 habeant,
870 2007 995 2049 vides;
1028 2007 1174 2050 deinde,
1195 2008 1260 2055 qui
1286 2007 1402 2051 labor,

221 2067 386 2107 quantus
414 2059 594 2107 agminis:
632 2060 724 2095 ferre
752 2059 838 2107 plus
867 2060 1048 2096 dimidiati
1077 2060 1214 2096 mensis
1243 2061 1401 2105 cibaria3

221 2114 325 2156 serre,
347 2113 376 2148 si
397 2113 487 2160 quid
507 2112 552 2148 ad
574 2125 683 2147 usum
710 2113 850 2156 velint;
883 2113 973 2149 ferre
993 2113 1147 2149 vallum.
1201 2114 1299 2150 Nam
1319 2126 1403 2150 scu-

221 2173 315 2207 tum,
337 2166 514 2214 gladium,
534 2166 676 2213 galeam
710 2166 747 2201 in
774 2178 885 2201 onere
915 2167 1030 2202 nostri
1059 2166 1195 2202 milites
1224 2179 1298 2203 non
1318 2167 1404 2215 plus

220 2226 429 2262 numerant,
451 2231 561 2266 quam
582 2219 767 2262 humeros,
788 2219 956 2263 lacertos,
977 2232 1122 2255 manus.
1172 2223 1288 2256 Arma
1305 2221 1403 2257 enim

221 2273 386 2308 membra
405 2272 534 2308 militis
553 2285 632 2308 esse
651 2272 792 2308 dicunt.
851 2272 949 2311 Quae
969 2273 1120 2320 quidem
1148 2272 1199 2308 ita
1225 2282 1406 2321 geruntur

222 2333 318 2374 apte,
338 2332 393 2368 ut,
415 2326 444 2360 si
465 2338 554 2361 usus
574 2326 677 2369 ferat,
698 2325 850 2373 abjectis
871 2326 1055 2367 oneribus,
1075 2326 1261 2373 expeditis
1280 2327 1404 2370 armis,

222 2387 265 2415 ut
284 2379 470 2421 membris,
489 2391 656 2428 pugnare
675 2379 832 2427 possint.
890 2379 991 2418 Quid
1008 2379 1022 2415 ’.Ι
1053 2379 1268 2416 exercitatio
1288 2379 1404 2429 legio-
