1471 2585
89 73 331 126 117-120.]
461 87 565 112 BOOK
594 88 630 112 v.
652 67 768 112 enAp‘.
791 78 853 121 40,
875 78 938 113 41.
1193 81 1265 116 153

85 184 292 227 audiendis,
314 182 554 231 voluptatem.
611 182 722 226 Tum,
743 188 786 218 ut
805 182 931 230 paullo
959 188 1044 218 ante
1073 195 1191 219 caecos
1220 184 1265 220 ad
1288 190 1346 222 117

86 238 231 275 aurium
264 236 545 274 traducebamus
578 236 820 284 voluptatem,
853 236 904 272 sic
940 235 1027 272 licet
1060 236 1189 272 surdos
1220 237 1265 273 ad

56 303 60 306 ·
91 292 296 328 oculorum.
354 288 504 325 Etenim
524 290 587 338 qui
607 302 732 326 secum
759 289 864 337 loqui
892 289 1037 337 poterit,
1059 302 1266 326 sermonem

87 344 238 381 alterius
256 355 329 379 non
349 342 522 390 requiret.

141 398 393 444 Congerantur
412 395 449 431 in
470 408 587 432 unum
606 395 741 440 omnia,
755 401 798 431 ut
817 395 913 431 idem
929 395 1047 432 oculis
1063 401 1099 432 et
1114 396 1266 432 auribus

87 457 215 499 captus
235 449 292 493 sit,
316 455 503 497 prematur
521 449 631 485 etiam
650 448 841 485 doloribus
869 449 1054 485 acerrimis
1074 450 1236 497 corporis
1253 464 1262 494 3

86 504 149 552 qui
169 503 329 551 primum
349 515 414 550 per
434 515 471 538 se
491 501 560 550 ipsi
579 502 797 550 plerumque
822 503 1024 538 conficiunt
1050 502 1262 548 hominem;

85 557 141 593 sin
161 557 253 592 forte
272 555 543 604 longinquitate
563 555 733 604 producti
753 555 1007 592 vehementius
1036 562 1159 591 tamen
1188 562 1264 592 tor-

85 615 213 658 quent,
229 622 340 657 quam
358 616 399 645 ut
414 621 544 645 caussa
557 609 615 653 sit,
630 622 696 645 cur
709 609 1016 657 ferantur—quid
1031 615 1087 644 est
1102 609 1265 654 tandem,

85 663 122 699 di
155 663 266 699 boni!
298 663 397 710 quod
427 663 636 698 laboremus
653 662 667 699 ?
724 662 860 698 Portus
891 663 989 698 enim
1022 668 1158 711 praesto
1197 668 1265 707 est,

84 716 259 764 quoniam
280 729 377 752 mors
400 715 537 752 ibidem
571 722 627 752 est
660 722 841 752 aeternum
871 716 964 752 nihil
995 715 1178 752 sentiendi
1207 728 1264 752 re-

85 769 333 818 ceptaculum.
390 769 607 805 Theodorus
626 769 851 818 Lysimacho
880 776 1036 805 mortem
1054 769 1265 806 minitanti:

84 822 265 873 Magnum
284 836 379 866 vero,
399 822 534 871 inquit,
557 824 718 872 effecisti,
740 824 772 859 si
791 822 1018 859 cantharidis
1047 824 1115 859 vim
1144 835 1265 858 conse-

86 882 188 913 cutus
207 890 256 913 es.
314 876 470 912 Paullus
491 876 594 912 Persi
615 876 836 924 deprecanti,
856 889 902 912 ne
922 876 960 911 in
989 875 1176 924 triumpho
1197 876 1266 912 du-
1288 882 1346 912 118

85 937 251 967 ceretur:
282 929 327 966 In
356 936 417 966 tua
448 930 490 965 id
519 929 660 978 quidem
676 935 851 978 potestate
881 935 944 965 est.
1001 929 1126 965 Multa
1149 929 1267 977 primo

85 983 158 1026 die,
179 996 295 1032 quum
315 983 360 1018 de
379 983 459 1030 ipsa
478 989 594 1019 morte
623 995 887 1030 quaereremus,
908 995 983 1018 non
1011 995 1129 1031 pauca
1157 982 1268 1018 etiam

88 1043 249 1084 postero,
271 1048 388 1083 quum
409 1042 578 1083 ageretur
597 1036 642 1071 de
665 1036 802 1080 dolore,
823 1042 912 1072 sunt
939 1035 1036 1072 dicta
1064 1036 1109 1072 de
1136 1043 1266 1079 morte,

85 1101 171 1136 quae
203 1089 268 1137 qui
300 1088 520 1132 recordetur,
549 1089 650 1124 haud
676 1101 764 1125 sane
796 1089 1004 1137 periculum
1038 1095 1105 1133 est,
1126 1101 1172 1124 ne
1191 1101 1268 1125 non

87 1149 242 1178 mortem
264 1149 328 1178 aut
347 1142 545 1190 optandam
565 1147 630 1178 aut
651 1149 747 1177 certe
767 1154 841 1177 non
862 1142 1064 1178 timendam
1083 1148 1202 1190 putet.

139 1195 247 1231 XLI.
280 1195 375 1230 Mihi
395 1195 546 1242 quidem
573 1195 611 1230 in
641 1194 718 1230 vita
747 1195 927 1230 servanda
946 1195 1093 1230 videtur
1109 1195 1174 1230 illa
1191 1195 1268 1239 lex,

85 1260 172 1296 quae
190 1249 229 1284 in
251 1249 468 1284 Graecorum
490 1248 670 1283 conviviis
691 1248 901 1284 obtinetur:
922 1247 999 1284 Aut
1012 1248 1119 1292 bibat,
1133 1247 1268 1295 inquit,

85 1308 148 1338 aut
177 1302 310 1338 abeat!
341 1308 378 1337 et
409 1307 519 1338 recte.
575 1301 657 1337 Aut
685 1301 783 1337 enim
812 1301 956 1337 fruatur
981 1301 1114 1349 aliquis
1135 1301 1271 1348 pariter

86 1367 171 1391 eum
190 1355 271 1391 aliis
292 1355 481 1402 voluptate
501 1354 666 1402 potandi,
681 1361 757 1397 aut,
771 1366 817 1389 ne
835 1354 979 1390 sobrius
998 1354 1035 1390 in
1057 1354 1269 1390 violentiam

87 1408 363 1444 vinolentorum
393 1407 543 1451 incidat,
578 1413 663 1443 ante
697 1407 884 1451 discedat3
917 1407 968 1443 sic
1005 1407 1158 1456 injurias
1195 1407 1268 1443 for-

86 1468 203 1505 tunae,
225 1474 317 1510 quas
338 1462 432 1497 ferre
458 1473 634 1508 nequeas,
656 1460 880 1508 defugiendo
912 1460 1112 1508 relinquas.
1171 1461 1268 1497 Haec

87 1515 229 1557 eadem,
251 1527 336 1562 quae
358 1514 556 1561 Epicurus,
577 1513 730 1550 totidem
750 1514 872 1549 verbis
892 1514 982 1550 dicit
999 1514 1266 1562 Hieronymus.

141 1567 255 1606 Quod
275 1568 306 1603 si
325 1567 381 1602 his
410 1566 652 1614 philosophis,
675 1579 832 1615 quorum
864 1579 906 1602 ea
935 1567 1118 1603 sententia
1138 1575 1206 1610 est,
1226 1574 1269 1603 ut
1289 1574 1348 1604 119

87 1620 205 1657 virtus
225 1633 288 1668 per
308 1633 345 1656 se
366 1620 446 1667 ipsa
465 1620 557 1655 nihil
578 1620 698 1656 valeat
726 1632 921 1667 omneque,
943 1621 1042 1668 quod
1069 1619 1269 1656 honestum

86 1686 155 1709 nos
176 1680 212 1710 et
230 1673 416 1709 laudabile
437 1685 515 1709 esse
535 1673 714 1717 dicamus,
734 1674 772 1708 id
797 1673 851 1708 illi
871 1685 1016 1708 cassum
1037 1673 1212 1720 quiddam
1234 1679 1271 1709 et

86 1727 187 1762 inani
201 1727 301 1763 vocis
322 1739 412 1762 sono
432 1727 645 1762 decoratum
666 1739 744 1761 esse
757 1726 882 1761 dicant
900 1740 909 1769 3
931 1732 967 1761 et
983 1732 1105 1761 tamen
1127 1739 1270 1774 semper

86 1780 238 1815 beatum
257 1786 408 1816 censent
427 1792 506 1815 esse
526 1779 730 1826 sapientem
749 1792 756 1815 ε
787 1779 875 1826 quid
896 1779 1045 1814 tandem
1075 1792 1095 1815 a
1119 1780 1270 1816 Socrate

88 1839 125 1868 et
146 1833 302 1868 Platone
321 1833 492 1880 profectis
512 1832 742 1880 philosophis
774 1832 994 1875 faciendum,
1018 1832 1142 1876 vides;
1175 1845 1268 1881 quo-

88 1898 170 1922 rum
192 1886 253 1921 alii
271 1892 411 1921 tantam
432 1885 684 1932 praestantiam
704 1885 742 1920 in
762 1885 867 1920 bonis
896 1885 1010 1920 animi
1029 1898 1108 1921 esse
1128 1886 1267 1930 dicunt,

88 1945 131 1975 ut
162 1939 208 1975 ab
241 1938 285 1974 iis
316 1939 477 1986 corporis
512 1945 548 1973 et
578 1945 733 1973 externa
760 1938 1025 1983 obscurenturg
1057 1939 1119 1974 alii
1145 1945 1269 1975 autem

87 1991 168 2028 haec
188 2004 234 2027 ne
254 1992 351 2027 bona
370 1991 519 2039 quidem
539 1991 692 2034 ducunt,
712 1991 751 2026 in
780 1990 902 2027 animo
927 1998 1114 2039 reponunt
1133 1992 1267 2028 omnia.
1291 2001 1350 2030 120

89 2045 260 2084 Quorum
275 2043 561 2080 controversiam
575 2044 716 2080 solebat
732 2052 921 2092 tamquam
936 2045 1152 2080 honorarius
1172 2045 1268 2080 arbi-

89 2105 144 2134 ter
156 2098 322 2147 judicare
346 2097 565 2133 Carneades.
622 2098 719 2133 Nam
749 2110 878 2146 quum,
909 2110 1146 2145 quaecunque
1172 2098 1271 2134 bona

88 2151 356 2199 Peripateticis,
379 2151 507 2186 eadem
529 2149 661 2186 Stoicis
681 2151 875 2186 commoda
903 2151 1127 2194 viderentur,
1150 2163 1270 2198 neque

89 2212 213 2240 tamen
236 2203 471 2252 Peripatetici
505 2203 590 2251 plus
626 2203 830 2240 tribuerent
859 2203 1008 2246 divitiis,
1031 2203 1140 2239 bonae
1168 2205 1269 2240 vale-

90 2257 222 2300 tudini,
261 2257 389 2293 ceteris
431 2256 541 2292 rebus
582 2257 724 2304 generis
762 2257 941 2305 ejusdem,
980 2268 1090 2303 quam
1129 2257 1268 2294 Stoici:

90 2322 207 2357 quum
227 2323 269 2346 ea
286 2323 335 2352 re,
356 2322 429 2345 non
450 2309 570 2345 verbis
590 2310 891 2357 ponderarentur,
912 2321 1077 2344 caussam
1098 2322 1177 2346 esse
1197 2310 1272 2346 dis-

90 2362 232 2399 sidendi
251 2363 422 2412 negabat.
472 2362 596 2401 Quare
616 2362 715 2399 hunc
733 2363 858 2399 locum
884 2367 1086 2398 ceterarum
1106 2363 1269 2412 discipli-
