1471 2585
82 132 144 175 31,
167 127 250 177 32]
424 141 526 165 BOOK
556 140 609 165 1v.
631 140 748 164 eme.
775 130 834 172 13,
859 129 920 164 14.
1192 130 1263 165 101

134 237 261 285 Atque
294 241 337 271 ut
370 235 407 270 in
439 235 546 271 malis
578 234 727 282 attingit
758 234 872 271 animi
901 240 1071 270 naturam
1105 233 1266 281 corporis

51 309 54 311 >
82 290 300 334 similitudo,
335 289 386 324 sic
416 289 452 324 in
486 289 604 324 bonis.
669 289 766 324 Sunt
796 288 895 323 enim
924 287 960 323 in
989 299 1138 336 corpore
1168 300 1263 334 prae-

81 344 211 392 cipua:
241 342 491 391 pulchritudo,
515 342 620 384 vires,
649 341 837 383 valetudo,
868 341 1034 384 firmitas,
1062 340 1262 384 velocitas3

42 439 50 440 ἶ
81 403 169 433 sunt
199 396 289 432 item
323 396 360 431 in
399 396 536 431 animo.
607 395 662 431 Ut
698 395 796 430 enim
835 395 995 442 corporis
1034 393 1264 442 temperatio,

80 462 198 498 quum
217 462 260 485 ea
278 457 489 496 congruunt
508 449 603 484 inter
628 462 678 492 se,
706 461 724 484 e
745 448 883 495 quibus
909 453 1135 490 constamus,
1165 447 1264 482 sani-

79 510 161 539 tas:
191 503 243 538 sic
263 503 377 538 animi
403 502 549 546 (licitur,
571 515 688 550 quum
715 501 797 550 eJus
821 501 966 549 judicia
996 501 1265 549 opinionesque

79 557 315 599 concordant,
351 568 468 604 eaque
500 556 613 591 animi
645 562 701 591 est
733 555 861 599 virtus,
897 567 1008 602 quarn
1046 554 1108 589 alii
1145 553 1265 601 ipsam

80 610 361 658 temperantiam
394 610 525 645 dicunt
555 622 646 652 esse,
680 608 742 644 alii
773 608 1090 655 obtemperantem
1123 613 1265 655 tempe-

78 663 210 699 rantiae
240 663 436 712 praeceptis
466 670 502 698 et
532 675 611 698 eam
644 663 933 709 subsequentem
967 673 1034 696 nec
1068 661 1264 696 habentem

78 716 193 752 ullam
215 717 375 764 speciem
392 728 495 751 suam
515 730 524 760 3
558 716 621 751 sed
643 715 718 751 sive
739 715 809 750 hoc
835 715 912 750 sive
931 714 1027 750 illud
1047 715 1106 757 sit,
1128 714 1164 749 in
1186 714 1265 749 solo

79 782 159 805 esse
180 770 358 818 sapiente.
418 769 487 804 Est
515 778 638 805 antem
660 769 833 816 quaedam
865 768 978 804 animi
1007 768 1158 810 sanitas,
1180 780 1265 814 quae

76 822 116 858 in
136 823 371 871 insipientem
392 823 502 858 etiam
526 823 644 866 cadat,
666 835 782 869 quum
802 822 990 858 curatione
1010 829 1047 856 et
1066 827 1266 869 pertracta-

78 876 178 912 tione
209 878 434 912 medicorum
470 876 704 912 conturbatio
736 875 870 911 mentis
901 875 1077 910 aufertur.
1145 874 1194 909 Et
1223 880 1267 909 ut
1285 880 1323 910 31

78 930 240 977 corporis
255 938 309 966 est
325 930 499 978 quaedam
520 936 606 977 apta
624 930 741 977 figura
760 929 1007 964 membrorum
1029 940 1114 963 cum
1135 927 1266 962 coloris

78 984 238 1029 quadam
278 983 472 1026 suavitate,
512 995 628 1030 eaque
666 982 800 1018 dicitur
833 981 1095 1030 pulchritudo:
1141 980 1192 1016 sic
1228 980 1266 1016 in

78 1036 204 1071 animo
241 1037 458 1084 opinionum
492 1036 795 1084 judiciorumque
833 1035 1067 1082 aequabilitas
1104 1041 1141 1069 et
1177 1046 1265 1069 con-

79 1090 216 1125 stantia
252 1102 333 1125 cum
375 1090 546 1124 firmitate
583 1089 743 1136 quadam
782 1096 819 1124 et
855 1088 1054 1123 stabilitate
1090 1087 1266 1122 virtutem

79 1143 312 1190 subsequens
333 1150 398 1177 aut
415 1143 561 1178 virtutis
579 1142 653 1177 vim
670 1141 789 1189 ipsam
811 1142 1006 1176 continens
1027 1140 1266 1189 pulchritudo

79 1202 245 1231 vocatur.
304 1196 477 1243 Itemque
498 1195 638 1230 viribus
658 1195 819 1242 corporis
837 1202 876 1229 et
899 1195 1022 1229 nervis
1045 1200 1081 1229 et
1106 1193 1265 1228 efficaci-

78 1249 144 1284 tati
178 1249 316 1284 similes
346 1249 530 1284 similibus
550 1260 701 1296 quoque
728 1248 848 1283 verbis
878 1247 992 1282 animi
1023 1248 1115 1282 vires
1144 1246 1265 1282 nomi-

78 1308 227 1341 nantur,
286 1301 475 1338 Velocitas
503 1310 628 1337 autem
659 1301 821 1348 corporis
852 1301 1019 1336 celeritas
1045 1299 1265 1347 appellatur,

79 1368 166 1403 quae
199 1356 327 1392 eadem
357 1355 496 1404 ingenii
527 1355 637 1390 etiam
671 1354 752 1390 laus
786 1354 943 1389 habetur
973 1362 1119 1401 propter
1152 1353 1266 1389 animi

79 1409 280 1444 multarum
302 1421 421 1444 rernm
441 1408 544 1444 brevi
566 1416 730 1455 tempore
750 1407 1037 1455 percursionem.

132 1461 244 1498 XIV.
277 1462 377 1498 Illud
407 1462 615 1497 animorum
647 1473 916 1508 corporumque
944 1460 1142 1504 dissimile,
1165 1460 1265 1508 quod

79 1515 193 1550 animi
214 1516 379 1550 valentes
399 1515 526 1551 morbo
549 1514 682 1550 tentari
703 1526 776 1549 non
806 1522 974 1561 possunt,
999 1526 1151 1561 corpora
1177 1526 1264 1561 pos-

80 1575 190 1604 sunt:
235 1569 299 1604 sed
336 1581 530 1616 corporum
574 1567 795 1603 offensiones
837 1567 916 1602 sine
952 1567 1061 1615 culpa
1103 1566 1266 1602 accidere

79 1628 250 1669 possunt,
271 1622 478 1657 animorum
499 1634 575 1656 non
595 1621 706 1656 item:
738 1633 897 1668 quorum
924 1632 1052 1655 omnes
1081 1619 1201 1655 morbi
1229 1627 1266 1655 et

78 1675 375 1722 perturbationes
395 1687 442 1710 ex
464 1674 721 1722 aspernatione
736 1674 886 1709 rationis
902 1673 1091 1709 eveniunt.
1133 1672 1266 1720 Itaque

79 1728 116 1763 in
137 1728 351 1764 hominibus
375 1729 494 1763 solum
516 1728 726 1770 exsistunt3
759 1739 844 1762 nam
865 1726 994 1761 bestiae
1015 1725 1135 1761 simile
1154 1725 1264 1773 quid-

80 1781 164 1816 dam
186 1781 338 1824 faciunt‚
361 1782 425 1817 sed
443 1782 478 1816 in
500 1780 795 1828 perturbationes
820 1791 893 1814 non
922 1779 1104 1815 incidunt.
1163 1779 1266 1814 Inter
1284 1785 1324 1814 32

80 1840 210 1870 acutos
229 1842 352 1869 autem
374 1842 410 1869 et
427 1835 520 1869 iuter
538 1834 689 1868 hebetes
708 1832 873 1875 interest,
887 1833 987 1879 quod
1007 1831 1201 1880 ingeniosi,
1224 1839 1265 1868 ut

80 1900 133 1923 aes
154 1887 388 1923 Corinthium
410 1888 446 1922 in
468 1886 684 1934 aeruginem‚
706 1885 756 1921 sic
775 1885 828 1920 illi
854 1885 891 1921 in
921 1886 1092 1921 morbum
1116 1893 1152 1921 et
1172 1885 1264 1921 inci-

80 1941 175 1976 dunt
194 1941 334 1976 tardius
354 1947 390 1975 et
409 1947 620 1975 recreantur
635 1939 761 1981 ocius;
782 1938 932 1974 hebetes
955 1951 1027 1974 non
1042 1939 1144 1974 item.
1185 1938 1264 1974 Nec

82 2006 166 2029 vero
196 1994 233 2029 in
262 2005 410 2028 omnem
436 1993 607 2028 morbum
626 2005 666 2028 ac
690 1992 1002 2039 perturbationem
1032 1992 1178 2027 animus
1206 1992 1263 2026 in-

79 2046 222 2095 geniosi
254 2047 374 2090 cadit3
415 2059 491 2081 non
520 2046 618 2080 enim
649 2045 686 2080 in
716 2045 794 2081 ulla
823 2045 972 2081 efferata
999 2052 1036 2081 et
1063 2044 1261 2088 immania3

81 2100 252 2147 quaedam
299 2106 422 2135 autern
467 2098 709 2134 humanitatis
745 2111 893 2146 quoque
931 2098 1068 2133 habent
1108 2097 1264 2144 primam

81 2153 254 2200 speciem,
284 2160 328 2189 ut
360 2152 620 2195 misericordia,
656 2151 850 2199 aegritudo‚
887 2159 1020 2187 metus.
1089 2150 1264 2198 AEgrota-

80 2205 200 2241 tiones
222 2213 346 2242 autem
368 2205 561 2252 morbique
581 2204 786 2241 animorum
811 2205 998 2240 difficilius
1023 2203 1133 2239 evelli
1158 2216 1266 2251 posse

81 2266 272 2306 putantur,
293 2271 405 2307 qnam
435 2270 582 2294 summa
610 2257 674 2293 illa
703 2258 805 2300 vitia,
831 2270 917 2305 quae
947 2257 1148 2292 virtutibus
1179 2263 1268 2292 sunt

81 2312 275 2348 contraria.
336 2312 478 2347 Morbis
498 2311 596 2347 enim
625 2311 872 2354 manentibus,
895 2311 984 2345 vitia
1011 2310 1157 2346 sublata
1187 2322 1267 2345 esse

82 2373 251 2412 possunt,
277 2366 365 2413 quia
388 2365 425 2400 hi
455 2377 527 2400 non
560 2371 636 2400 tam
662 2364 827 2400 celeriter
855 2371 1042 2408 sanantur,
1063 2375 1175 2410 quam
1204 2362 1268 2398 illa

80 2416 277 2455 tolluntur.

675 2482 701 2505 K
721 2472 743 2505 3
