1471 2585
107 111 299 164 54—56.]
458 126 561 151 BOOK
582 126 618 150 v.
641 124 758 151 cHAP.
784 115 952 155 17—19.
1216 117 1289 151 135

107 222 285 266 vendum,
306 220 394 257 satis
414 227 470 257 est
487 221 599 256 etiam
619 222 664 257 ad
685 220 805 258 beate.
865 220 963 257 Satis
992 226 1048 256 est
1075 220 1173 256 enim
1194 227 1291 257 certe

107 275 145 310 in
177 275 323 317 virtute,
352 281 395 310 ut
427 274 568 309 fortiter
598 275 782 310 vivamus.
840 275 880 310 Si
916 274 1068 318 fortiter,
1107 274 1219 310 etiam
1249 281 1292 310 ut

107 340 242 375 magno
261 327 396 369 animo,
417 333 454 362 et
473 328 621 375 quidem
643 335 684 364 ut
704 328 807 364 nulla
827 341 864 364 re
882 340 1061 375 umquam
1088 335 1291 363 terreamur

108 392 325 429 semperque
352 381 468 416 simus
488 381 632 417 invicti.
689 381 879 429 Sequitur,
900 389 944 417 ut
972 381 1065 416 nihil
1094 380 1287 429 poeniteat,

106 434 199 470 nihil
211 434 317 477 desit,
334 434 429 469 nihil
445 435 567 470 obstet
582 448 591 479 3
613 447 698 482 ergo
712 435 835 470 omnia
852 435 1087 482 profluenter,
1105 434 1287 477 absolute,

106 499 290 535 prospere,
317 487 431 536 igitur
459 488 577 524 beate.
636 488 733 524 Satis
762 496 885 524 autem
917 488 1035 523 virtus
1068 488 1114 523 ad
1148 487 1290 523 fortiter

107 540 310 576 vivendum
338 548 482 588 potest3
515 541 603 577 satis
631 554 716 589 ergo
743 542 853 577 etiam
884 541 929 576 ad
960 542 1078 577 beate.
1137 541 1286 577 Etenim
1307 547 1346 576 54

105 599 148 629 ut
167 593 337 638 stultitia,
359 594 429 630 etsi
457 594 591 642 adepta
618 601 685 638 est,
707 595 807 642 quod
834 594 1059 642 concupivit,
1080 606 1286 641 numquam

105 659 144 682 se
174 653 295 682 tamen
324 647 412 684 satis
441 655 677 683 consecutam
701 655 830 696 putat:
861 647 913 683 sic
944 648 1124 695 sapientia
1144 660 1289 697 semper

105 712 148 735 eo
181 707 353 736 contenta
385 708 452 744 est,
481 701 582 748 quod
607 702 723 746 adest,
754 713 875 749 neque
908 713 988 736 eam
1019 713 1199 749 umquam
1231 701 1288 736 sui

105 753 275 801 poenitet.

158 806 270 843 XIX.
302 807 516 843 Similemne
547 814 655 855 putas
690 808 733 844 C.
763 807 874 843 Laelii
903 820 1021 843 unum
1051 807 1286 842 consulatum

51 860 54 865 “
104 859 218 896 fuisse
235 867 272 896 et
291 873 377 896 eum
400 861 550 909 quidem
572 873 656 897 cum
677 860 923 909 repulsa—si,
945 873 1061 908 quum
1084 860 1231 908 sapiens
1251 868 1288 896 et

104 913 225 949 bonus
265 914 329 958 vir,
362 915 482 962 qualis
510 914 572 949 ille
610 913 692 957 fuit,
731 914 913 962 suffragiis
953 914 1172 962 praeteritur,
1211 926 1286 949 non

103 967 266 1013 populus
286 980 307 1002 a
326 968 422 1003 bono
442 968 594 1003 consule
614 968 751 1016 potius,
773 980 886 1016 quam
914 968 976 1003 ille
1009 981 1029 1003 a
1055 967 1207 1015 populo,
1228 979 1285 1002 re-

104 1020 250 1066 pulsam
266 1020 454 1056 fert—sed
469 1028 591 1056 tamen
608 1028 733 1057 utrum
746 1021 877 1056 malles
890 1028 937 1062 te,
952 1021 982 1056 si
997 1028 1158 1068 potestas
1174 1026 1284 1064 esset,

105 1073 220 1108 semel
238 1080 282 1109 ut
302 1073 462 1110 Laeliuin
482 1074 685 1116 consulem,
705 1087 750 1110 an
766 1081 809 1110 ut
826 1075 985 1110 Cinnam
999 1076 1156 1122 quater(
1198 1073 1285 1109 Non
1305 1082 1342 1109 55

106 1125 249 1169 dubito,
271 1133 311 1162 tu
332 1127 421 1174 quid
440 1139 683 1174 responsurus
705 1127 776 1170 sis3
807 1127 934 1175 itaque
964 1128 1083 1170 video,
1105 1127 1164 1162 cui
1183 1139 1284 1163 com-

104 1179 263 1215 mittam.
323 1179 406 1215 Non
426 1180 597 1227 quemvis
615 1180 683 1216 hoc
703 1180 800 1215 idem
821 1180 1081 1228 interrogarem
1101 1194 1109 1222 ;
1133 1192 1285 1227 respon-

105 1232 207 1268 deret
226 1232 323 1268 enim
344 1233 438 1268 alius
455 1233 620 1274 fortasse,
642 1246 680 1268 se
711 1246 787 1268 non
815 1234 926 1269 modo
955 1240 1131 1280 quattuor
1151 1245 1285 1268 consu-

103 1284 202 1321 latus
222 1286 286 1321 uni
307 1293 542 1334 anteponere,
564 1287 627 1321 sed
657 1298 773 1322 unum
802 1287 900 1322 diem
921 1287 1052 1322 Cinnae
1082 1286 1285 1321 multorum

105 1345 141 1373 et
169 1339 351 1374 clarorum
382 1340 543 1375 virorum
575 1339 663 1375 totis
689 1339 879 1376 aetatibus.
937 1339 1091 1382 Laelius,
1114 1339 1143 1374 si
1169 1339 1285 1387 digito

104 1403 214 1438 quem
236 1392 430 1439 attigisset,
450 1405 581 1440 poenas
602 1392 774 1429 dedisset.
829 1394 882 1430 At
899 1393 1021 1428 Cinna
1039 1392 1192 1440 collegae
1214 1392 1284 1436 sui,

104 1444 267 1481 consulis
301 1446 371 1481 Cn.
398 1446 557 1489 Octavii,
589 1446 741 1494 praecidi
774 1453 887 1494 caput
911 1445 1037 1494 jussit,
1070 1446 1114 1481 P.
1149 1446 1284 1489 Crassi,

105 1497 150 1533 L.
183 1498 353 1542 Caesaris,
386 1500 702 1535 nobilissimorum
737 1499 943 1541 hominum,
979 1511 1139 1547 quorum
1168 1499 1286 1535 virtus

103 1551 224 1586 fuerat
250 1552 350 1587 domi
379 1552 600 1600 militiaeque
631 1553 789 1600 cognita,
827 1552 882 1588 M.
914 1552 1083 1595 Antonii,
1118 1552 1285 1587 omnium

105 1603 411 1651 eloquentissimi,
443 1618 536 1653 quos
562 1618 630 1654 ego
661 1605 853 1648 audierim,
876 1606 919 1642 C.
943 1605 1113 1647 Caesaris,
1143 1606 1180 1640 in
1211 1617 1286 1652 quo

104 1657 196 1692 mihi
230 1658 375 1694 videtur
406 1659 591 1706 specimen
619 1659 733 1695 fuisse
759 1658 1013 1701 humanitatis,
1040 1659 1138 1701 salis,
1160 1658 1285 1693 suavi-

104 1710 202 1754 tatis,
222 1710 371 1758 leporis.
416 1712 602 1748 Beatusne
622 1713 746 1760 igitur,
762 1712 827 1760 qui
846 1712 913 1747 hos
932 1711 1141 1747 interfecit?
1190 1711 1286 1746 Mihi

105 1769 233 1798 contra
258 1776 332 1799 non
362 1765 483 1800 solum
513 1777 555 1800 eo
583 1766 729 1800 videtur
756 1765 878 1807 miser,
900 1765 999 1812 quod
1029 1777 1072 1800 ea
1101 1764 1199 1808 fecit,
1221 1765 1286 1800 sed

105 1816 216 1851 etiam
247 1817 348 1864 quod
377 1818 429 1853 ita
454 1830 492 1853 se
511 1818 636 1866 gessit,
657 1825 701 1853 ut
728 1830 770 1853 ea
795 1819 912 1853 facere
941 1818 973 1853 ei
1004 1817 1143 1853 liceret.
1202 1817 1285 1853 Etsi

105 1881 256 1916 peccare
276 1871 414 1906 nemini
441 1870 550 1913 licet;
582 1872 646 1906 sed
676 1871 854 1906 sermonis
886 1883 1004 1907 errore
1032 1871 1215 1914 labimur;
1246 1871 1284 1906 id

105 1922 206 1957 enim
235 1922 342 1958 licere
371 1923 539 1966 dicimus,
567 1924 667 1971 quod
698 1924 832 1971 cuique
860 1924 1086 1960 conceditur.
1145 1924 1284 1960 Utrum
1304 1931 1343 1960 56

106 1975 254 2010 tandem
275 1976 414 2011 beatior
435 1977 476 2012 C.
496 1976 640 2012 Marius
659 1983 749 2020 tum,
772 1989 886 2024 quum
906 1977 1103 2013 Cimbricae
1120 1977 1285 2012 victoriae

106 2027 259 2073 gloriam
283 2041 367 2065 cum
399 2029 540 2076 collega
559 2030 692 2065 Catulo
721 2030 1022 2074 communicavit,
1043 2043 1151 2078 paene
1170 2030 1285 2065 altero

107 2081 228 2117 Laelio
247 2080 351 2129 (nam
372 2083 469 2118 bunc
489 2083 544 2118 illi
564 2083 660 2118 duco
680 2083 942 2131 simillimum),
963 2097 1009 2120 an
1040 2096 1157 2131 quum
1186 2082 1285 2118 civili

107 2135 205 2178 bello
226 2135 342 2170 victor
368 2136 483 2171 iratus
513 2137 724 2172 necessariis
745 2137 870 2172 Catuli
897 2137 1180 2185 deprecantibus
1210 2148 1285 2171 non

107 2187 222 2223 semel
240 2189 441 2236 respondit,
462 2189 525 2224 sed
545 2201 666 2236 saepe:
698 2189 887 2226 [Moriatur
900 2191 947 2226 l?
986 2190 1031 2225 In
1052 2202 1126 2237 quo
1144 2189 1287 2225 beatior

107 2239 181 2284 ille,
202 2241 268 2288 qui
288 2241 373 2277 huic
393 2242 542 2277 nefariae
563 2242 645 2278 voci
664 2243 799 2290 paruit,
820 2255 932 2291 quam
955 2244 998 2285 is,
1019 2243 1083 2290 qui
1103 2250 1176 2277 tam
1207 2254 1286 2278 sce-

108 2292 221 2329 lerate
258 2294 464 2341 imperavit.
530 2295 628 2330 Nam
665 2308 780 2343 quum
819 2296 983 2344 accipere
1020 2308 1132 2342 quam
1169 2295 1286 2330 facere

109 2352 261 2391 praestat
278 2347 463 2396 injuriam,
478 2356 557 2384 tum
578 2350 686 2384 morti
699 2348 778 2397 jam
798 2349 869 2396 ipsi
886 2349 1101 2384 adventanti
1121 2348 1288 2396 paullum

109 2399 306 2445 procedere
351 2401 510 2444 obviam,
550 2402 650 2448 quod
694 2403 780 2438 fecit
817 2402 986 2446 Catulus,
1024 2414 1149 2449 quam,
1188 2401 1286 2449 quod

665 2467 689 2491 N
712 2457 734 2490 2
