<?xml version="1.0" encoding="UTF-8"?>
<!DOCTYPE html PUBLIC "-//W3C//DTD XHTML 1.0 Transitional//EN"
    "http://www.w3.org/TR/xhtml1/DTD/xhtml1-transitional.dtd">
<html xmlns="http://www.w3.org/1999/xhtml" xml:lang="en" lang="en">
 <head>
  <title>
</title>
<meta http-equiv="Content-Type" content="text/html;charset=utf-8" />
  <meta name='ocr-system' content='tesseract 3.04.00' />
  <meta name='ocr-capabilities' content='ocr_page ocr_carea ocr_par ocr_line ocrx_word'/>
</head>
<body>
  <div class='ocr_page' id='page_1' title='image "./tusculandisputat00ciceuoft_0034.png"; bbox 0 0 1471 2585; ppageno 0'>
   <div class='ocr_carea' id='block_1_1' title="bbox 234 94 1410 147">
    <p class='ocr_par' dir='ltr' id='par_1_1' title="bbox 234 94 1410 147">
     <span class='ocr_line' id='line_1_1' title="bbox 234 94 1410 147; baseline 0.002 -13"><span class='ocrx_word' id='word_1_1' title='bbox 234 98 284 134; x_wconf 82' lang='lat'>26</span> <span class='ocrx_word' id='word_1_2' title='bbox 552 110 757 135; x_wconf 50' lang='lat' dir='ltr'>‘ruscorum</span> <span class='ocrx_word' id='word_1_3' title='bbox 785 109 1084 135; x_wconf 58' lang='lat' dir='ltr'>»mpura-rmus·</span> <span class='ocrx_word' id='word_1_4' title='bbox 1219 94 1410 147; x_wconf 79' lang='lat'>[77—79.</span> 
     </span>
    </p>
   </div>
   <div class='ocr_carea' id='block_1_2' title="bbox 177 203 1416 2438">
    <p class='ocr_par' dir='ltr' id='par_1_2' title="bbox 232 203 1413 466">
     <span class='ocr_line' id='line_1_2' title="bbox 233 203 1411 254; baseline 0.002 -14"><span class='ocrx_word' id='word_1_5' title='bbox 233 203 335 240; x_wconf 90' lang='lat' dir='ltr'>aliud</span> <span class='ocrx_word' id='word_1_6' title='bbox 354 204 490 253; x_wconf 89' lang='lat' dir='ltr'>potius,</span> <span class='ocrx_word' id='word_1_7' title='bbox 510 204 541 240; x_wconf 90' lang='lat' dir='ltr'>si</span> <span class='ocrx_word' id='word_1_8' title='bbox 564 205 714 252; x_wconf 91' lang='lat' dir='ltr'>quidem</span> <span class='ocrx_word' id='word_1_9' title='bbox 741 205 800 241; x_wconf 87' lang='lat' dir='ltr'>vel</span> <span class='ocrx_word' id='word_1_10' title='bbox 827 205 877 241; x_wconf 91' lang='lat' dir='ltr'>dii</span> <span class='ocrx_word' id='word_1_11' title='bbox 904 204 975 254; x_wconf 87' lang='lat' dir='ltr'>ipsi</span> <span class='ocrx_word' id='word_1_12' title='bbox 1003 205 1063 241; x_wconf 90' lang='lat' dir='ltr'>vel</span> <span class='ocrx_word' id='word_1_13' title='bbox 1093 217 1178 241; x_wconf 88' lang='lat' dir='ltr'>cum</span> <span class='ocrx_word' id='word_1_14' title='bbox 1207 205 1278 242; x_wconf 90' lang='lat' dir='ltr'>diis</span> <span class='ocrx_word' id='word_1_15' title='bbox 1297 205 1411 242; x_wconf 84' lang='lat' dir='ltr'>futuri</span> 
     </span>
     <span class='ocr_line' id='line_1_3' title="bbox 234 257 1412 307; baseline 0.001 -14"><span class='ocrx_word' id='word_1_16' title='bbox 234 271 376 294; x_wconf 82' lang='lat' dir='ltr'>sumus,</span> <span class='ocrx_word' id='word_1_17' title='bbox 433 257 484 295; x_wconf 92' lang='lat' dir='ltr'>A.</span> <span class='ocrx_word' id='word_1_18' title='bbox 511 258 611 297; x_wconf 83' lang='lat' dir='ltr'>Quid</span> <span class='ocrx_word' id='word_1_19' title='bbox 638 258 774 294; x_wconf 84' lang='lat' dir='ltr'><strong>refert?</strong></span> <span class='ocrx_word' id='word_1_20' title='bbox 829 257 890 295; x_wconf 91' lang='grc' dir='ltr'>Μ.</span> <span class='ocrx_word' id='word_1_21' title='bbox 921 259 1073 294; x_wconf 89' lang='lat' dir='ltr'><strong>Adsunt</strong></span> <span class='ocrx_word' id='word_1_22' title='bbox 1102 258 1212 302; x_wconf 89' lang='lat' dir='ltr'>enim,</span> <span class='ocrx_word' id='word_1_23' title='bbox 1237 259 1303 307; x_wconf 90' lang='lat' dir='ltr'>qui</span> <span class='ocrx_word' id='word_1_24' title='bbox 1331 258 1412 295; x_wconf 88' lang='lat' dir='ltr'>haec</span> 
     </span>
     <span class='ocr_line' id='line_1_4' title="bbox 234 312 1412 360; baseline 0.001 -13"><span class='ocrx_word' id='word_1_25' title='bbox 234 323 309 347; x_wconf 89' lang='lat' dir='ltr'>non</span> <span class='ocrx_word' id='word_1_26' title='bbox 330 312 499 360; x_wconf 87' lang='lat' dir='ltr'>probent.</span> <span class='ocrx_word' id='word_1_27' title='bbox 557 312 640 360; x_wconf 84' lang='lat' dir='ltr'>Ego</span> <span class='ocrx_word' id='word_1_28' title='bbox 659 318 784 348; x_wconf 92' lang='lat' dir='ltr'>autem</span> <span class='ocrx_word' id='word_1_29' title='bbox 804 324 1008 360; x_wconf 89' lang='lat' dir='ltr'><strong>numquam</strong></span> <span class='ocrx_word' id='word_1_30' title='bbox 1035 312 1087 347; x_wconf 91' lang='lat' dir='ltr'>ita</span> <span class='ocrx_word' id='word_1_31' title='bbox 1108 318 1143 347; x_wconf 90' lang='lat' dir='ltr'>te</span> <span class='ocrx_word' id='word_1_32' title='bbox 1171 312 1209 348; x_wconf 92' lang='lat' dir='ltr'>in</span> <span class='ocrx_word' id='word_1_33' title='bbox 1238 312 1307 348; x_wconf 90' lang='lat' dir='ltr'>hoc</span> <span class='ocrx_word' id='word_1_34' title='bbox 1337 325 1412 348; x_wconf 88' lang='lat' dir='ltr'>ser-</span> 
     </span>
     <span class='ocr_line' id='line_1_5' title="bbox 234 364 1413 410; baseline 0.001 -10"><span class='ocrx_word' id='word_1_35' title='bbox 234 377 343 401; x_wconf 87' lang='lat' dir='ltr'>mone</span> <span class='ocrx_word' id='word_1_36' title='bbox 363 365 559 410; x_wconf 83' lang='lat' dir='ltr'><strong>dimittam,</strong></span> <span class='ocrx_word' id='word_1_37' title='bbox 580 365 658 402; x_wconf 88' lang='lat' dir='ltr'>ulla</span> <span class='ocrx_word' id='word_1_38' title='bbox 675 365 817 402; x_wconf 89' lang='lat' dir='ltr'>ratione</span> <span class='ocrx_word' id='word_1_39' title='bbox 842 372 884 402; x_wconf 86' lang='lat' dir='ltr'>ut</span> <span class='ocrx_word' id='word_1_40' title='bbox 911 377 1010 401; x_wconf 86' lang='lat' dir='ltr'>mors</span> <span class='ocrx_word' id='word_1_41' title='bbox 1037 364 1105 401; x_wconf 88' lang='lat' dir='ltr'>tibi</span> <span class='ocrx_word' id='word_1_42' title='bbox 1130 365 1247 402; x_wconf 88' lang='lat' dir='ltr'>videri</span> <span class='ocrx_word' id='word_1_43' title='bbox 1272 366 1413 402; x_wconf 90' lang='lat' dir='ltr'>malum</span> 
     </span>
     <span class='ocr_line' id='line_1_6' title="bbox 232 418 360 466; baseline 0 -12"><span class='ocrx_word' id='word_1_44' title='bbox 232 418 360 466; x_wconf 86' lang='lat' dir='ltr'><strong>possit.</strong></span> 
     </span>
    </p>

    <p class='ocr_par' dir='ltr' id='par_1_3' title="bbox 177 470 1414 1000">
     <span class='ocr_line' id='line_1_7' title="bbox 177 470 1413 520; baseline 0 -13"><span class='ocrx_word' id='word_1_45' title='bbox 177 476 213 508; x_wconf 80' lang='grc'>77</span> <span class='ocrx_word' id='word_1_46' title='bbox 287 471 338 508; x_wconf 87' lang='grc' dir='ltr'>Α.</span> <span class='ocrx_word' id='word_1_47' title='bbox 374 470 451 510; x_wconf 78' lang='lat' dir='ltr'>Qui</span> <span class='ocrx_word' id='word_1_48' title='bbox 486 477 620 519; x_wconf 90' lang='lat' dir='ltr'>potest,</span> <span class='ocrx_word' id='word_1_49' title='bbox 659 484 776 519; x_wconf 89' lang='lat' dir='ltr'>quum</span> <span class='ocrx_word' id='word_1_50' title='bbox 811 471 882 507; x_wconf 89' lang='lat' dir='ltr'>ista</span> <span class='ocrx_word' id='word_1_51' title='bbox 911 471 1178 520; x_wconf 84' lang='lat' dir='ltr'>cognoverim?</span> <span class='ocrx_word' id='word_1_52' title='bbox 1242 471 1304 508; x_wconf 90' lang='lat' dir='ltr'>M.</span> <span class='ocrx_word' id='word_1_53' title='bbox 1335 471 1413 511; x_wconf 79' lang='lat' dir='ltr'>Qui</span> 
     </span>
     <span class='ocr_line' id='line_1_8' title="bbox 236 524 1413 573; baseline 0.002 -14"><span class='ocrx_word' id='word_1_54' title='bbox 236 524 363 572; x_wconf 84' lang='lat' dir='ltr'>possit,</span> <span class='ocrx_word' id='word_1_55' title='bbox 383 525 518 573; x_wconf 78' lang='lat' dir='ltr'>rogas?</span> <span class='ocrx_word' id='word_1_56' title='bbox 566 525 736 561; x_wconf 77' lang='lat' dir='ltr'>Catervae</span> <span class='ocrx_word' id='word_1_57' title='bbox 765 525 920 561; x_wconf 87' lang='lat' dir='ltr'>veniunt</span> <span class='ocrx_word' id='word_1_58' title='bbox 949 532 1075 561; x_wconf 87' lang='lat' dir='ltr'>contra</span> <span class='ocrx_word' id='word_1_59' title='bbox 1101 525 1315 567; x_wconf 86' lang='lat' dir='ltr'>dicentium,</span> <span class='ocrx_word' id='word_1_60' title='bbox 1344 537 1413 561; x_wconf 88' lang='lat' dir='ltr'>nec</span> 
     </span>
     <span class='ocr_line' id='line_1_9' title="bbox 236 578 1414 627; baseline 0.001 -14"><span class='ocrx_word' id='word_1_61' title='bbox 236 578 357 614; x_wconf 89' lang='lat' dir='ltr'>solum</span> <span class='ocrx_word' id='word_1_62' title='bbox 392 578 670 626; x_wconf 85' lang='lat' dir='ltr'>Epicureorum,</span> <span class='ocrx_word' id='word_1_63' title='bbox 704 591 798 626; x_wconf 94' lang='lat' dir='ltr'>quos</span> <span class='ocrx_word' id='word_1_64' title='bbox 832 579 1005 626; x_wconf 88' lang='lat' dir='ltr'>equidem</span> <span class='ocrx_word' id='word_1_65' title='bbox 1036 590 1110 614; x_wconf 90' lang='lat' dir='ltr'>non</span> <span class='ocrx_word' id='word_1_66' title='bbox 1141 579 1315 627; x_wconf 87' lang='lat' dir='ltr'>despicio,</span> <span class='ocrx_word' id='word_1_67' title='bbox 1349 579 1414 614; x_wconf 81' lang='lat' dir='ltr'>sed</span> 
     </span>
     <span class='ocr_line' id='line_1_10' title="bbox 235 631 1412 680; baseline 0.001 -13"><span class='ocrx_word' id='word_1_68' title='bbox 235 631 359 667; x_wconf 90' lang='lat' dir='ltr'>neseio</span> <span class='ocrx_word' id='word_1_69' title='bbox 383 644 458 679; x_wconf 92' lang='lat' dir='ltr'>quo</span> <span class='ocrx_word' id='word_1_70' title='bbox 483 633 593 667; x_wconf 90' lang='lat' dir='ltr'>modo</span> <span class='ocrx_word' id='word_1_71' title='bbox 619 631 855 667; x_wconf 87' lang='lat' dir='ltr'>doctissimus</span> <span class='ocrx_word' id='word_1_72' title='bbox 878 632 1038 680; x_wconf 91' lang='lat' dir='ltr'>quisque</span> <span class='ocrx_word' id='word_1_73' title='bbox 1066 632 1282 676; x_wconf 86' lang='lat' dir='ltr'>contemnit,</span> <span class='ocrx_word' id='word_1_74' title='bbox 1311 644 1412 668; x_wconf 86' lang='lat' dir='ltr'>acer-</span> 
     </span>
     <span class='ocr_line' id='line_1_11' title="bbox 236 684 1412 728; baseline 0.002 -9"><span class='ocrx_word' id='word_1_75' title='bbox 236 684 326 720; x_wconf 87' lang='lat' dir='ltr'>rime</span> <span class='ocrx_word' id='word_1_76' title='bbox 350 693 473 720; x_wconf 87' lang='lat' dir='ltr'>autem</span> <span class='ocrx_word' id='word_1_77' title='bbox 493 686 637 721; x_wconf 87' lang='lat' dir='ltr'>deliciae</span> <span class='ocrx_word' id='word_1_78' title='bbox 657 697 765 728; x_wconf 86' lang='lat' dir='ltr'>meae,</span> <span class='ocrx_word' id='word_1_79' title='bbox 788 685 1040 728; x_wconf 76' lang='lat' dir='ltr'>Dicaearchus,</span> <span class='ocrx_word' id='word_1_80' title='bbox 1067 692 1194 721; x_wconf 86' lang='lat' dir='ltr'>contra</span> <span class='ocrx_word' id='word_1_81' title='bbox 1220 685 1315 721; x_wconf 86' lang='lat' dir='ltr'>hanc</span> <span class='ocrx_word' id='word_1_82' title='bbox 1342 685 1412 721; x_wconf 91' lang='lat' dir='ltr'>irn-</span> 
     </span>
     <span class='ocr_line' id='line_1_12' title="bbox 235 738 1414 787; baseline 0.001 -14"><span class='ocrx_word' id='word_1_83' title='bbox 235 738 496 774; x_wconf 87' lang='lat' dir='ltr'>mortalitatem</span> <span class='ocrx_word' id='word_1_84' title='bbox 517 739 701 775; x_wconf 84' lang='lat' dir='ltr'>disseruit.</span> <span class='ocrx_word' id='word_1_85' title='bbox 759 738 798 774; x_wconf 91' lang='lat' dir='ltr'>Is</span> <span class='ocrx_word' id='word_1_86' title='bbox 823 739 920 774; x_wconf 90' lang='lat' dir='ltr'>enim</span> <span class='ocrx_word' id='word_1_87' title='bbox 940 745 1012 774; x_wconf 88' lang='lat' dir='ltr'>tres</span> <span class='ocrx_word' id='word_1_88' title='bbox 1032 738 1145 774; x_wconf 91' lang='lat' dir='ltr'>libros</span> <span class='ocrx_word' id='word_1_89' title='bbox 1171 738 1327 787; x_wconf 87' lang='lat' dir='ltr'>scripsit,</span> <span class='ocrx_word' id='word_1_90' title='bbox 1348 738 1414 787; x_wconf 84' lang='lat' dir='ltr'>qui</span> 
     </span>
     <span class='ocr_line' id='line_1_13' title="bbox 236 791 1413 840; baseline 0.002 -14"><span class='ocrx_word' id='word_1_91' title='bbox 236 791 407 828; x_wconf 84' lang='lat' dir='ltr'>Lesbiaci</span> <span class='ocrx_word' id='word_1_92' title='bbox 437 799 627 836; x_wconf 84' lang='lat' dir='ltr'>vocantur,</span> <span class='ocrx_word' id='word_1_93' title='bbox 659 792 759 839; x_wconf 90' lang='lat' dir='ltr'>quod</span> <span class='ocrx_word' id='word_1_94' title='bbox 790 791 984 840; x_wconf 87' lang='lat' dir='ltr'>Mytilenis</span> <span class='ocrx_word' id='word_1_95' title='bbox 1021 804 1140 827; x_wconf 70' lang='lat' dir='ltr'>semro</span> <span class='ocrx_word' id='word_1_96' title='bbox 1173 792 1341 836; x_wconf 89' lang='lat' dir='ltr'>habetur,</span> <span class='ocrx_word' id='word_1_97' title='bbox 1373 792 1413 828; x_wconf 89' lang='lat' dir='ltr'>in</span> 
     </span>
     <span class='ocr_line' id='line_1_14' title="bbox 235 845 1413 892; baseline 0.001 -12"><span class='ocrx_word' id='word_1_98' title='bbox 235 845 372 892; x_wconf 90' lang='lat' dir='ltr'>quibus</span> <span class='ocrx_word' id='word_1_99' title='bbox 393 845 475 881; x_wconf 87' lang='lat' dir='ltr'>vult</span> <span class='ocrx_word' id='word_1_100' title='bbox 493 846 646 888; x_wconf 89' lang='lat' dir='ltr'>efficere,</span> <span class='ocrx_word' id='word_1_101' title='bbox 663 846 805 881; x_wconf 84' lang='lat' dir='ltr'>animos</span> <span class='ocrx_word' id='word_1_102' title='bbox 824 857 902 881; x_wconf 83' lang='lat' dir='ltr'>esse</span> <span class='ocrx_word' id='word_1_103' title='bbox 918 845 1106 881; x_wconf 86' lang='lat' dir='ltr'>mortales.</span> <span class='ocrx_word' id='word_1_104' title='bbox 1154 845 1268 881; x_wconf 87' lang='lat' dir='ltr'>Stoici</span> <span class='ocrx_word' id='word_1_105' title='bbox 1288 852 1413 881; x_wconf 85' lang='lat' dir='ltr'>autem</span> 
     </span>
     <span class='ocr_line' id='line_1_15' title="bbox 235 899 1414 947; baseline 0.001 -14"><span class='ocrx_word' id='word_1_106' title='bbox 235 911 385 934; x_wconf 86' lang='lat' dir='ltr'>usuram</span> <span class='ocrx_word' id='word_1_107' title='bbox 406 899 512 934; x_wconf 89' lang='lat' dir='ltr'>nobis</span> <span class='ocrx_word' id='word_1_108' title='bbox 528 899 746 947; x_wconf 82' lang='lat' dir='ltr'>largiuntur,</span> <span class='ocrx_word' id='word_1_109' title='bbox 763 906 953 946; x_wconf 83' lang='lat' dir='ltr'>tamquam</span> <span class='ocrx_word' id='word_1_110' title='bbox 970 899 1200 942; x_wconf 83' lang='lat' dir='ltr'>cornicibus3</span> <span class='ocrx_word' id='word_1_111' title='bbox 1224 899 1288 934; x_wconf 92' lang='lat' dir='ltr'>diu</span> <span class='ocrx_word' id='word_1_112' title='bbox 1307 910 1414 934; x_wconf 86' lang='lat' dir='ltr'>man-</span> 
     </span>
     <span class='ocr_line' id='line_1_16' title="bbox 236 952 978 1000; baseline 0 -13"><span class='ocrx_word' id='word_1_113' title='bbox 236 963 341 987; x_wconf 88' lang='lat' dir='ltr'>suros</span> <span class='ocrx_word' id='word_1_114' title='bbox 360 952 464 987; x_wconf 90' lang='lat' dir='ltr'>aiunt</span> <span class='ocrx_word' id='word_1_115' title='bbox 479 952 633 996; x_wconf 86' lang='lat' dir='ltr'>animos,</span> <span class='ocrx_word' id='word_1_116' title='bbox 655 965 809 1000; x_wconf 87' lang='lat' dir='ltr'>semper,</span> <span class='ocrx_word' id='word_1_117' title='bbox 829 959 978 1000; x_wconf 88' lang='lat' dir='ltr'>negant.</span> 
     </span>
    </p>

    <p class='ocr_par' dir='ltr' id='par_1_4' title="bbox 238 1004 1414 1102">
     <span class='ocr_line' id='line_1_17' title="bbox 290 1004 1414 1053; baseline -0.001 -12"><span class='ocrx_word' id='word_1_118' title='bbox 290 1004 464 1041; x_wconf 90' lang='lat' dir='ltr'>XXXII.</span> <span class='ocrx_word' id='word_1_119' title='bbox 495 1005 597 1041; x_wconf 91' lang='lat' dir='ltr'>Num</span> <span class='ocrx_word' id='word_1_120' title='bbox 623 1018 698 1041; x_wconf 91' lang='lat' dir='ltr'>non</span> <span class='ocrx_word' id='word_1_121' title='bbox 721 1007 774 1041; x_wconf 90' lang='lat' dir='ltr'>vis</span> <span class='ocrx_word' id='word_1_122' title='bbox 792 1005 905 1053; x_wconf 81' lang='lat' dir='ltr'>igitur</span> <span class='ocrx_word' id='word_1_123' title='bbox 924 1005 1063 1049; x_wconf 79' lang='lat' dir='ltr'>audire,</span> <span class='ocrx_word' id='word_1_124' title='bbox 1084 1017 1161 1048; x_wconf 90' lang='lat' dir='ltr'>cur,</span> <span class='ocrx_word' id='word_1_125' title='bbox 1182 1005 1293 1041; x_wconf 86' lang='lat' dir='ltr'>etiam</span> <span class='ocrx_word' id='word_1_126' title='bbox 1314 1005 1344 1041; x_wconf 89' lang='lat' dir='ltr'>si</span> <span class='ocrx_word' id='word_1_127' title='bbox 1362 1005 1414 1040; x_wconf 89' lang='lat' dir='ltr'>ita</span> 
     </span>
     <span class='ocr_line' id='line_1_18' title="bbox 238 1057 1414 1102; baseline 0.001 -9"><span class='ocrx_word' id='word_1_128' title='bbox 238 1058 295 1102; x_wconf 89' lang='lat' dir='ltr'>sit,</span> <span class='ocrx_word' id='word_1_129' title='bbox 317 1071 415 1094; x_wconf 91' lang='lat' dir='ltr'>mors</span> <span class='ocrx_word' id='word_1_130' title='bbox 436 1066 558 1094; x_wconf 87' lang='lat' dir='ltr'>tamen</span> <span class='ocrx_word' id='word_1_131' title='bbox 579 1071 653 1095; x_wconf 87' lang='lat' dir='ltr'>non</span> <span class='ocrx_word' id='word_1_132' title='bbox 674 1059 721 1094; x_wconf 91' lang='lat' dir='ltr'>sit</span> <span class='ocrx_word' id='word_1_133' title='bbox 739 1059 776 1094; x_wconf 89' lang='lat' dir='ltr'>in</span> <span class='ocrx_word' id='word_1_134' title='bbox 804 1059 937 1094; x_wconf 78' lang='lat' dir='ltr'>malis?</span> <span class='ocrx_word' id='word_1_135' title='bbox 995 1057 1044 1094; x_wconf 89' lang='lat' dir='ltr'>A.</span> <span class='ocrx_word' id='word_1_136' title='bbox 1078 1058 1132 1094; x_wconf 94' lang='lat' dir='ltr'>Ut</span> <span class='ocrx_word' id='word_1_137' title='bbox 1151 1059 1318 1102; x_wconf 84' lang='lat' dir='ltr'>videtur3</span> <span class='ocrx_word' id='word_1_138' title='bbox 1350 1059 1414 1094; x_wconf 90' lang='lat' dir='ltr'>sed</span> 
     </span>
    </p>

    <p class='ocr_par' dir='ltr' id='par_1_5' title="bbox 179 1110 1416 1426">
     <span class='ocr_line' id='line_1_19' title="bbox 179 1110 1414 1158; baseline 0 -10"><span class='ocrx_word' id='word_1_139' title='bbox 179 1118 217 1149; x_wconf 79' lang='lat'>78</span> <span class='ocrx_word' id='word_1_140' title='bbox 238 1124 296 1147; x_wconf 91' lang='lat' dir='ltr'>me</span> <span class='ocrx_word' id='word_1_141' title='bbox 331 1124 441 1148; x_wconf 89' lang='lat' dir='ltr'>nemo</span> <span class='ocrx_word' id='word_1_142' title='bbox 473 1113 517 1147; x_wconf 89' lang='lat' dir='ltr'>de</span> <span class='ocrx_word' id='word_1_143' title='bbox 550 1112 828 1148; x_wconf 83' lang='lat' dir='ltr'>immortalitate</span> <span class='ocrx_word' id='word_1_144' title='bbox 865 1111 1038 1158; x_wconf 85' lang='lat' dir='ltr'>depellet.</span> <span class='ocrx_word' id='word_1_145' title='bbox 1106 1110 1165 1147; x_wconf 90' lang='grc' dir='ltr'>Μ.</span> <span class='ocrx_word' id='word_1_146' title='bbox 1207 1111 1341 1148; x_wconf 87' lang='lat' dir='ltr'>Laudo</span> <span class='ocrx_word' id='word_1_147' title='bbox 1375 1111 1414 1148; x_wconf 90' lang='lat' dir='ltr'>id</span> 
     </span>
     <span class='ocr_line' id='line_1_20' title="bbox 238 1164 1416 1213; baseline 0 -13"><span class='ocrx_word' id='word_1_148' title='bbox 238 1164 415 1213; x_wconf 80' lang='lat' dir='ltr'>quidem3</span> <span class='ocrx_word' id='word_1_149' title='bbox 447 1165 515 1201; x_wconf 91' lang='lat' dir='ltr'>esti</span> <span class='ocrx_word' id='word_1_150' title='bbox 535 1165 626 1201; x_wconf 80' lang='lat' dir='ltr'>nihil</span> <span class='ocrx_word' id='word_1_151' title='bbox 654 1165 764 1200; x_wconf 90' lang='lat' dir='ltr'>nimis</span> <span class='ocrx_word' id='word_1_152' title='bbox 792 1171 938 1213; x_wconf 89' lang='lat' dir='ltr'>oportet</span> <span class='ocrx_word' id='word_1_153' title='bbox 963 1164 1159 1201; x_wconf 86' lang='lat' dir='ltr'>confidere.</span> <span class='ocrx_word' id='word_1_154' title='bbox 1217 1164 1416 1201; x_wconf 86' lang='lat' dir='ltr'>Movemur</span> 
     </span>
     <span class='ocr_line' id='line_1_21' title="bbox 237 1218 1414 1266; baseline 0 -12"><span class='ocrx_word' id='word_1_155' title='bbox 237 1218 333 1254; x_wconf 89' lang='lat' dir='ltr'>enim</span> <span class='ocrx_word' id='word_1_156' title='bbox 356 1231 454 1266; x_wconf 89' lang='lat' dir='ltr'>saepe</span> <span class='ocrx_word' id='word_1_157' title='bbox 475 1218 600 1266; x_wconf 88' lang='lat' dir='ltr'>aliquo</span> <span class='ocrx_word' id='word_1_158' title='bbox 623 1225 731 1254; x_wconf 87' lang='lat' dir='ltr'>acute</span> <span class='ocrx_word' id='word_1_159' title='bbox 756 1218 943 1261; x_wconf 79' lang='lat' dir='ltr'>concluso,</span> <span class='ocrx_word' id='word_1_160' title='bbox 962 1218 1132 1253; x_wconf 81' lang='lat' dir='ltr'>labamus</span> <span class='ocrx_word' id='word_1_161' title='bbox 1151 1226 1414 1266; x_wconf 85' lang='lat' dir='ltr'>mutamusque</span> 
     </span>
     <span class='ocr_line' id='line_1_22' title="bbox 238 1271 1412 1314; baseline 0 -7"><span class='ocrx_word' id='word_1_162' title='bbox 238 1272 457 1308; x_wconf 85' lang='lat' dir='ltr'>sententiam</span> <span class='ocrx_word' id='word_1_163' title='bbox 488 1272 704 1308; x_wconf 89' lang='lat' dir='ltr'>clarioribus</span> <span class='ocrx_word' id='word_1_164' title='bbox 732 1272 842 1308; x_wconf 87' lang='lat' dir='ltr'>etiam</span> <span class='ocrx_word' id='word_1_165' title='bbox 871 1271 909 1306; x_wconf 91' lang='lat' dir='ltr'>in</span> <span class='ocrx_word' id='word_1_166' title='bbox 938 1272 1071 1314; x_wconf 82' lang='lat' dir='ltr'>rebus3</span> <span class='ocrx_word' id='word_1_167' title='bbox 1103 1271 1140 1306; x_wconf 90' lang='lat' dir='ltr'>in</span> <span class='ocrx_word' id='word_1_168' title='bbox 1165 1271 1221 1307; x_wconf 88' lang='lat' dir='ltr'>his</span> <span class='ocrx_word' id='word_1_169' title='bbox 1241 1278 1297 1307; x_wconf 91' lang='lat' dir='ltr'>est</span> <span class='ocrx_word' id='word_1_170' title='bbox 1315 1271 1412 1307; x_wconf 92' lang='lat' dir='ltr'>enim</span> 
     </span>
     <span class='ocr_line' id='line_1_23' title="bbox 234 1324 1412 1373; baseline 0 -13"><span class='ocrx_word' id='word_1_171' title='bbox 234 1324 361 1372; x_wconf 87' lang='lat' dir='ltr'>aliqua</span> <span class='ocrx_word' id='word_1_172' title='bbox 380 1325 599 1361; x_wconf 88' lang='lat' dir='ltr'>obscuritas.</span> <span class='ocrx_word' id='word_1_173' title='bbox 658 1325 703 1360; x_wconf 92' lang='lat' dir='ltr'>Id</span> <span class='ocrx_word' id='word_1_174' title='bbox 722 1325 836 1373; x_wconf 87' lang='lat' dir='ltr'>igitur</span> <span class='ocrx_word' id='word_1_175' title='bbox 855 1324 884 1359; x_wconf 93' lang='lat' dir='ltr'>si</span> <span class='ocrx_word' id='word_1_176' title='bbox 913 1324 1096 1367; x_wconf 88' lang='lat' dir='ltr'>acciderit,</span> <span class='ocrx_word' id='word_1_177' title='bbox 1124 1324 1240 1360; x_wconf 89' lang='lat' dir='ltr'>simus</span> <span class='ocrx_word' id='word_1_178' title='bbox 1268 1325 1412 1361; x_wconf 88' lang='lat' dir='ltr'>armati.</span> 
     </span>
     <span class='ocr_line' id='line_1_24' title="bbox 235 1377 1396 1426; baseline 0 -13"><span class='ocrx_word' id='word_1_179' title='bbox 235 1377 286 1414; x_wconf 88' lang='lat' dir='ltr'>A.</span> <span class='ocrx_word' id='word_1_180' title='bbox 318 1378 414 1413; x_wconf 89' lang='lat' dir='ltr'>Sane</span> <span class='ocrx_word' id='word_1_181' title='bbox 434 1378 582 1426; x_wconf 90' lang='lat' dir='ltr'>quidem</span> <span class='ocrx_word' id='word_1_182' title='bbox 602 1392 610 1421; x_wconf 77' lang='grc' dir='ltr'>ς</span> <span class='ocrx_word' id='word_1_183' title='bbox 643 1377 718 1421; x_wconf 91' lang='lat' dir='ltr'>sed,</span> <span class='ocrx_word' id='word_1_184' title='bbox 738 1391 783 1414; x_wconf 92' lang='lat' dir='ltr'>ne</span> <span class='ocrx_word' id='word_1_185' title='bbox 802 1377 954 1420; x_wconf 85' lang='lat' dir='ltr'>aecidat,</span> <span class='ocrx_word' id='word_1_186' title='bbox 976 1377 1190 1425; x_wconf 86' lang='lat' dir='ltr'>providebo.</span> <span class='ocrx_word' id='word_1_187' title='bbox 1372 1413 1396 1423; x_wconf 36' lang='grc' dir='ltr'>ἱ</span> 
     </span>
    </p>

    <p class='ocr_par' dir='ltr' id='par_1_6' title="bbox 237 1430 1414 1904">
     <span class='ocr_line' id='line_1_25' title="bbox 289 1430 1414 1479; baseline 0.001 -13"><span class='ocrx_word' id='word_1_188' title='bbox 289 1430 349 1467; x_wconf 90' lang='lat' dir='ltr'>M.</span> <span class='ocrx_word' id='word_1_189' title='bbox 381 1431 575 1479; x_wconf 86' lang='lat' dir='ltr'>Numquid</span> <span class='ocrx_word' id='word_1_190' title='bbox 594 1431 707 1479; x_wconf 86' lang='lat' dir='ltr'>igitur</span> <span class='ocrx_word' id='word_1_191' title='bbox 733 1438 789 1467; x_wconf 90' lang='lat' dir='ltr'>est</span> <span class='ocrx_word' id='word_1_192' title='bbox 815 1443 969 1474; x_wconf 83' lang='lat' dir='ltr'>caussae,</span> <span class='ocrx_word' id='word_1_193' title='bbox 990 1430 1080 1478; x_wconf 89' lang='lat' dir='ltr'>quin</span> <span class='ocrx_word' id='word_1_194' title='bbox 1107 1431 1244 1467; x_wconf 88' lang='lat' dir='ltr'>amicos</span> <span class='ocrx_word' id='word_1_195' title='bbox 1268 1438 1414 1467; x_wconf 88' lang='lat' dir='ltr'>nostros</span> 
     </span>
     <span class='ocr_line' id='line_1_26' title="bbox 237 1484 1412 1532; baseline 0.001 -12"><span class='ocrx_word' id='word_1_196' title='bbox 237 1484 383 1520; x_wconf 88' lang='lat' dir='ltr'>Stoicos</span> <span class='ocrx_word' id='word_1_197' title='bbox 404 1484 634 1520; x_wconf 87' lang='lat' dir='ltr'>dimittamus</span> <span class='ocrx_word' id='word_1_198' title='bbox 650 1484 664 1520; x_wconf 71' lang='grc' dir='ltr'>’ἶ</span> <span class='ocrx_word' id='word_1_199' title='bbox 695 1497 758 1520; x_wconf 91' lang='lat' dir='ltr'>eos</span> <span class='ocrx_word' id='word_1_200' title='bbox 774 1484 868 1527; x_wconf 89' lang='lat' dir='ltr'>dico,</span> <span class='ocrx_word' id='word_1_201' title='bbox 883 1484 948 1532; x_wconf 89' lang='lat' dir='ltr'>qui</span> <span class='ocrx_word' id='word_1_202' title='bbox 968 1484 1072 1519; x_wconf 88' lang='lat' dir='ltr'>aiunt</span> <span class='ocrx_word' id='word_1_203' title='bbox 1091 1484 1233 1520; x_wconf 89' lang='lat' dir='ltr'>animos</span> <span class='ocrx_word' id='word_1_204' title='bbox 1252 1496 1412 1528; x_wconf 89' lang='lat' dir='ltr'>manere,</span> 
     </span>
     <span class='ocr_line' id='line_1_27' title="bbox 237 1536 1414 1586; baseline 0.001 -13"><span class='ocrx_word' id='word_1_205' title='bbox 237 1550 255 1573; x_wconf 94' lang='lat' dir='ltr'>e</span> <span class='ocrx_word' id='word_1_206' title='bbox 277 1550 425 1586; x_wconf 84' lang='lat' dir='ltr'>corpore</span> <span class='ocrx_word' id='word_1_207' title='bbox 447 1550 562 1586; x_wconf 91' lang='lat' dir='ltr'>quum</span> <span class='ocrx_word' id='word_1_208' title='bbox 584 1538 823 1580; x_wconf 80' lang='lat' dir='ltr'>excesserint,</span> <span class='ocrx_word' id='word_1_209' title='bbox 843 1538 906 1573; x_wconf 88' lang='lat' dir='ltr'>sed</span> <span class='ocrx_word' id='word_1_210' title='bbox 927 1549 999 1572; x_wconf 91' lang='lat' dir='ltr'>non</span> <span class='ocrx_word' id='word_1_211' title='bbox 1021 1549 1175 1585; x_wconf 88' lang='lat' dir='ltr'>semper.</span> <span class='ocrx_word' id='word_1_212' title='bbox 1233 1536 1282 1573; x_wconf 89' lang='lat' dir='ltr'>A.</span> <span class='ocrx_word' id='word_1_213' title='bbox 1315 1538 1414 1574; x_wconf 86' lang='lat' dir='ltr'>Istos</span> 
     </span>
     <span class='ocr_line' id='line_1_28' title="bbox 237 1590 1412 1638; baseline 0.001 -12"><span class='ocrx_word' id='word_1_214' title='bbox 237 1603 345 1627; x_wconf 85' lang='lat' dir='ltr'>vero:</span> <span class='ocrx_word' id='word_1_215' title='bbox 386 1591 463 1638; x_wconf 91' lang='lat' dir='ltr'>qui,</span> <span class='ocrx_word' id='word_1_216' title='bbox 498 1591 598 1638; x_wconf 90' lang='lat' dir='ltr'>quod</span> <span class='ocrx_word' id='word_1_217' title='bbox 627 1598 704 1627; x_wconf 87' lang='lat' dir='ltr'>tota</span> <span class='ocrx_word' id='word_1_218' title='bbox 733 1590 770 1626; x_wconf 90' lang='lat' dir='ltr'>in</span> <span class='ocrx_word' id='word_1_219' title='bbox 801 1591 868 1626; x_wconf 89' lang='lat' dir='ltr'>hac</span> <span class='ocrx_word' id='word_1_220' title='bbox 900 1603 1027 1627; x_wconf 86' lang='lat' dir='ltr'>caussa</span> <span class='ocrx_word' id='word_1_221' title='bbox 1058 1590 1317 1627; x_wconf 88' lang='lat' dir='ltr'>difficillimum</span> <span class='ocrx_word' id='word_1_222' title='bbox 1345 1598 1412 1634; x_wconf 89' lang='lat' dir='ltr'>est,</span> 
     </span>
     <span class='ocr_line' id='line_1_29' title="bbox 238 1644 1410 1693; baseline -0.001 -13"><span class='ocrx_word' id='word_1_223' title='bbox 238 1644 452 1693; x_wconf 86' lang='lat' dir='ltr'>suscipiant,</span> <span class='ocrx_word' id='word_1_224' title='bbox 482 1657 590 1692; x_wconf 87' lang='lat' dir='ltr'>posse</span> <span class='ocrx_word' id='word_1_225' title='bbox 627 1645 792 1680; x_wconf 87' lang='lat' dir='ltr'>animum</span> <span class='ocrx_word' id='word_1_226' title='bbox 830 1656 977 1680; x_wconf 90' lang='lat' dir='ltr'>manere</span> <span class='ocrx_word' id='word_1_227' title='bbox 1012 1656 1161 1692; x_wconf 90' lang='lat' dir='ltr'>corpore</span> <span class='ocrx_word' id='word_1_228' title='bbox 1195 1651 1410 1688; x_wconf 79' lang='lat' dir='ltr'>vacantem3</span> 
     </span>
     <span class='ocr_line' id='line_1_30' title="bbox 237 1696 1412 1745; baseline 0 -12"><span class='ocrx_word' id='word_1_229' title='bbox 237 1697 329 1733; x_wconf 87' lang='lat' dir='ltr'>illud</span> <span class='ocrx_word' id='word_1_230' title='bbox 360 1704 497 1741; x_wconf 88' lang='lat' dir='ltr'>autem,</span> <span class='ocrx_word' id='word_1_231' title='bbox 526 1698 627 1745; x_wconf 92' lang='lat' dir='ltr'>quod</span> <span class='ocrx_word' id='word_1_232' title='bbox 654 1710 729 1734; x_wconf 91' lang='lat' dir='ltr'>non</span> <span class='ocrx_word' id='word_1_233' title='bbox 760 1697 871 1733; x_wconf 89' lang='lat' dir='ltr'>modo</span> <span class='ocrx_word' id='word_1_234' title='bbox 891 1696 996 1733; x_wconf 84' lang='lat' dir='ltr'>facile</span> <span class='ocrx_word' id='word_1_235' title='bbox 1019 1697 1063 1732; x_wconf 91' lang='lat' dir='ltr'>ad</span> <span class='ocrx_word' id='word_1_236' title='bbox 1092 1697 1316 1733; x_wconf 91' lang='lat' dir='ltr'>credendum</span> <span class='ocrx_word' id='word_1_237' title='bbox 1344 1705 1412 1741; x_wconf 87' lang='lat' dir='ltr'>est,</span> 
     </span>
     <span class='ocr_line' id='line_1_31' title="bbox 238 1750 1413 1799; baseline 0.001 -14"><span class='ocrx_word' id='word_1_238' title='bbox 238 1751 314 1794; x_wconf 90' lang='lat' dir='ltr'>sed,</span> <span class='ocrx_word' id='word_1_239' title='bbox 336 1763 379 1786; x_wconf 91' lang='lat' dir='ltr'>eo</span> <span class='ocrx_word' id='word_1_240' title='bbox 398 1763 585 1794; x_wconf 81' lang='lat' dir='ltr'>concesso,</span> <span class='ocrx_word' id='word_1_241' title='bbox 606 1752 707 1799; x_wconf 88' lang='lat' dir='ltr'>quod</span> <span class='ocrx_word' id='word_1_242' title='bbox 734 1751 878 1794; x_wconf 85' lang='lat' dir='ltr'>volunt,</span> <span class='ocrx_word' id='word_1_243' title='bbox 908 1763 1150 1798; x_wconf 77' lang='lat' dir='ltr'>consequen8‚</span> <span class='ocrx_word' id='word_1_244' title='bbox 1176 1750 1213 1786; x_wconf 87' lang='lat' dir='ltr'>id</span> <span class='ocrx_word' id='word_1_245' title='bbox 1233 1763 1319 1786; x_wconf 84' lang='lat' dir='ltr'>vero</span> <span class='ocrx_word' id='word_1_246' title='bbox 1339 1763 1413 1786; x_wconf 92' lang='lat' dir='ltr'>non</span> 
     </span>
     <span class='ocr_line' id='line_1_32' title="bbox 239 1803 1414 1852; baseline 0.001 -13"><span class='ocrx_word' id='word_1_247' title='bbox 239 1804 341 1846; x_wconf 88' lang='lat' dir='ltr'>dant,</span> <span class='ocrx_word' id='word_1_248' title='bbox 360 1811 415 1846; x_wconf 87' lang='lat' dir='ltr'>ut,</span> <span class='ocrx_word' id='word_1_249' title='bbox 437 1816 555 1851; x_wconf 89' lang='lat' dir='ltr'>quum</span> <span class='ocrx_word' id='word_1_250' title='bbox 575 1805 640 1840; x_wconf 90' lang='lat' dir='ltr'>diu</span> <span class='ocrx_word' id='word_1_251' title='bbox 661 1804 913 1852; x_wconf 90' lang='lat' dir='ltr'>permanserit,</span> <span class='ocrx_word' id='word_1_252' title='bbox 934 1816 980 1840; x_wconf 91' lang='lat' dir='ltr'>ne</span> <span class='ocrx_word' id='word_1_253' title='bbox 1005 1804 1171 1840; x_wconf 86' lang='lat' dir='ltr'>intereat.</span> <span class='ocrx_word' id='word_1_254' title='bbox 1229 1803 1288 1840; x_wconf 92' lang='lat' dir='ltr'>M.</span> <span class='ocrx_word' id='word_1_255' title='bbox 1312 1804 1414 1840; x_wconf 85' lang='lat' dir='ltr'>Bene</span> 
     </span>
     <span class='ocr_line' id='line_1_33' title="bbox 238 1856 1031 1904; baseline 0.001 -12"><span class='ocrx_word' id='word_1_256' title='bbox 238 1857 486 1904; x_wconf 89' lang='lat' dir='ltr'>reprehendis,</span> <span class='ocrx_word' id='word_1_257' title='bbox 505 1866 541 1893; x_wconf 90' lang='lat' dir='ltr'>et</span> <span class='ocrx_word' id='word_1_258' title='bbox 560 1870 598 1893; x_wconf 93' lang='lat' dir='ltr'>se</span> <span class='ocrx_word' id='word_1_259' title='bbox 615 1858 685 1894; x_wconf 90' lang='lat' dir='ltr'>isto</span> <span class='ocrx_word' id='word_1_260' title='bbox 705 1858 814 1893; x_wconf 91' lang='lat' dir='ltr'>modo</span> <span class='ocrx_word' id='word_1_261' title='bbox 833 1870 889 1893; x_wconf 89' lang='lat' dir='ltr'>res</span> <span class='ocrx_word' id='word_1_262' title='bbox 907 1856 1031 1893; x_wconf 87' lang='lat' dir='ltr'>habet.</span> 
     </span>
    </p>

    <p class='ocr_par' dir='ltr' id='par_1_7' title="bbox 184 1909 1416 2438">
     <span class='ocr_line' id='line_1_34' title="bbox 184 1909 1413 1959; baseline -0.002 -11"><span class='ocrx_word' id='word_1_263' title='bbox 184 1918 222 1948; x_wconf 82' lang='grc'>79</span> <span class='ocrx_word' id='word_1_264' title='bbox 294 1910 498 1946; x_wconf 86' lang='lat' dir='ltr'>Credamus</span> <span class='ocrx_word' id='word_1_265' title='bbox 516 1911 630 1959; x_wconf 82' lang='lat' dir='ltr'>igitur</span> <span class='ocrx_word' id='word_1_266' title='bbox 650 1911 820 1947; x_wconf 88' lang='lat' dir='ltr'>Panaetio</span> <span class='ocrx_word' id='word_1_267' title='bbox 839 1923 861 1946; x_wconf 95' lang='lat' dir='ltr'>a</span> <span class='ocrx_word' id='word_1_268' title='bbox 885 1909 1041 1946; x_wconf 88' lang='lat' dir='ltr'>Platone</span> <span class='ocrx_word' id='word_1_269' title='bbox 1069 1923 1136 1946; x_wconf 87' lang='lat' dir='ltr'>suo</span> <span class='ocrx_word' id='word_1_270' title='bbox 1155 1910 1387 1946; x_wconf 88' lang='lat' dir='ltr'>dissentienti</span> <span class='ocrx_word' id='word_1_271' title='bbox 1399 1910 1413 1945; x_wconf 73' lang='grc' dir='ltr'>’ἶ</span> 
     </span>
     <span class='ocr_line' id='line_1_35' title="bbox 242 1963 1413 2012; baseline -0.001 -12"><span class='ocrx_word' id='word_1_272' title='bbox 242 1963 366 2002; x_wconf 81' lang='lat' dir='ltr'>Quem</span> <span class='ocrx_word' id='word_1_273' title='bbox 398 1964 496 1999; x_wconf 89' lang='lat' dir='ltr'>enim</span> <span class='ocrx_word' id='word_1_274' title='bbox 526 1964 700 2000; x_wconf 88' lang='lat' dir='ltr'>omnibus</span> <span class='ocrx_word' id='word_1_275' title='bbox 726 1964 817 2000; x_wconf 89' lang='lat' dir='ltr'>locis</span> <span class='ocrx_word' id='word_1_276' title='bbox 844 1964 1025 2006; x_wconf 83' lang='lat' dir='ltr'>divinum,</span> <span class='ocrx_word' id='word_1_277' title='bbox 1046 1975 1157 2011; x_wconf 90' lang='lat' dir='ltr'>quem</span> <span class='ocrx_word' id='word_1_278' title='bbox 1185 1963 1413 2012; x_wconf 84' lang='lat' dir='ltr'>sapientissi-</span> 
     </span>
     <span class='ocr_line' id='line_1_36' title="bbox 241 2017 1413 2066; baseline 0.001 -14"><span class='ocrx_word' id='word_1_279' title='bbox 241 2029 356 2060; x_wconf 89' lang='lat' dir='ltr'>mum,</span> <span class='ocrx_word' id='word_1_280' title='bbox 395 2030 505 2065; x_wconf 88' lang='lat' dir='ltr'>quem</span> <span class='ocrx_word' id='word_1_281' title='bbox 542 2017 832 2060; x_wconf 83' lang='lat' dir='ltr'>sanctissimum,</span> <span class='ocrx_word' id='word_1_282' title='bbox 866 2029 976 2065; x_wconf 91' lang='lat' dir='ltr'>quem</span> <span class='ocrx_word' id='word_1_283' title='bbox 1013 2017 1219 2053; x_wconf 90' lang='lat' dir='ltr'>Homerum</span> <span class='ocrx_word' id='word_1_284' title='bbox 1249 2017 1413 2066; x_wconf 90' lang='lat' dir='ltr'>philoso-</span> 
     </span>
     <span class='ocr_line' id='line_1_37' title="bbox 241 2070 1412 2119; baseline 0 -13"><span class='ocrx_word' id='word_1_285' title='bbox 241 2070 399 2117; x_wconf 91' lang='lat' dir='ltr'>phorum</span> <span class='ocrx_word' id='word_1_286' title='bbox 412 2070 586 2119; x_wconf 87' lang='lat' dir='ltr'>appellat,</span> <span class='ocrx_word' id='word_1_287' title='bbox 600 2070 711 2118; x_wconf 88' lang='lat' dir='ltr'>hujus</span> <span class='ocrx_word' id='word_1_288' title='bbox 726 2070 820 2106; x_wconf 87' lang='lat' dir='ltr'>hane</span> <span class='ocrx_word' id='word_1_289' title='bbox 836 2083 947 2106; x_wconf 92' lang='lat' dir='ltr'>unam</span> <span class='ocrx_word' id='word_1_290' title='bbox 964 2070 1184 2106; x_wconf 82' lang='lat' dir='ltr'>sententiam</span> <span class='ocrx_word' id='word_1_291' title='bbox 1199 2070 1246 2105; x_wconf 91' lang='lat' dir='ltr'>de</span> <span class='ocrx_word' id='word_1_292' title='bbox 1263 2070 1412 2106; x_wconf 87' lang='lat' dir='ltr'>immor—</span> 
     </span>
     <span class='ocr_line' id='line_1_38' title="bbox 242 2123 1414 2172; baseline 0 -13"><span class='ocrx_word' id='word_1_293' title='bbox 242 2123 382 2159; x_wconf 84' lang='lat' dir='ltr'>talitate</span> <span class='ocrx_word' id='word_1_294' title='bbox 402 2124 607 2159; x_wconf 90' lang='lat' dir='ltr'>animorum</span> <span class='ocrx_word' id='word_1_295' title='bbox 628 2136 701 2159; x_wconf 91' lang='lat' dir='ltr'>non</span> <span class='ocrx_word' id='word_1_296' title='bbox 722 2124 864 2172; x_wconf 90' lang='lat' dir='ltr'>probat.</span> <span class='ocrx_word' id='word_1_297' title='bbox 922 2123 1017 2159; x_wconf 87' lang='lat' dir='ltr'>Vult</span> <span class='ocrx_word' id='word_1_298' title='bbox 1041 2123 1152 2166; x_wconf 90' lang='lat' dir='ltr'>enim,</span> <span class='ocrx_word' id='word_1_299' title='bbox 1177 2123 1277 2170; x_wconf 87' lang='lat' dir='ltr'>quod</span> <span class='ocrx_word' id='word_1_300' title='bbox 1304 2135 1414 2159; x_wconf 89' lang='lat' dir='ltr'>nemo</span> 
     </span>
     <span class='ocr_line' id='line_1_39' title="bbox 241 2176 1409 2225; baseline 0.001 -14"><span class='ocrx_word' id='word_1_301' title='bbox 241 2183 362 2224; x_wconf 83' lang='lat' dir='ltr'>negat,</span> <span class='ocrx_word' id='word_1_302' title='bbox 385 2177 561 2225; x_wconf 78' lang='lat' dir='ltr'>quicquid</span> <span class='ocrx_word' id='word_1_303' title='bbox 576 2183 703 2212; x_wconf 85' lang='lat' dir='ltr'>natum</span> <span class='ocrx_word' id='word_1_304' title='bbox 719 2177 777 2220; x_wconf 91' lang='lat' dir='ltr'>sit,</span> <span class='ocrx_word' id='word_1_305' title='bbox 794 2177 964 2221; x_wconf 80' lang='lat' dir='ltr'>interire3</span> <span class='ocrx_word' id='word_1_306' title='bbox 986 2176 1086 2212; x_wconf 83' lang='lat' dir='ltr'>nasci</span> <span class='ocrx_word' id='word_1_307' title='bbox 1101 2183 1226 2212; x_wconf 82' lang='lat' dir='ltr'>autem</span> <span class='ocrx_word' id='word_1_308' title='bbox 1246 2176 1409 2221; x_wconf 81' lang='lat' dir='ltr'>animos3</span> 
     </span>
     <span class='ocr_line' id='line_1_40' title="bbox 242 2230 1414 2279; baseline 0.002 -15"><span class='ocrx_word' id='word_1_309' title='bbox 242 2230 342 2276; x_wconf 90' lang='lat' dir='ltr'>quod</span> <span class='ocrx_word' id='word_1_310' title='bbox 368 2230 527 2266; x_wconf 85' lang='lat' dir='ltr'>declaret</span> <span class='ocrx_word' id='word_1_311' title='bbox 555 2242 680 2266; x_wconf 90' lang='lat' dir='ltr'>eorum</span> <span class='ocrx_word' id='word_1_312' title='bbox 715 2230 929 2274; x_wconf 83' lang='lat' dir='ltr'>similitudo,</span> <span class='ocrx_word' id='word_1_313' title='bbox 963 2230 1026 2279; x_wconf 91' lang='lat' dir='ltr'>qui</span> <span class='ocrx_word' id='word_1_314' title='bbox 1054 2236 1301 2277; x_wconf 88' lang='lat' dir='ltr'>procreentur,</span> <span class='ocrx_word' id='word_1_315' title='bbox 1328 2242 1414 2277; x_wconf 88' lang='lat' dir='ltr'>quae</span> 
     </span>
     <span class='ocr_line' id='line_1_41' title="bbox 241 2282 1414 2332; baseline 0.003 -15"><span class='ocrx_word' id='word_1_316' title='bbox 241 2282 352 2318; x_wconf 86' lang='lat' dir='ltr'>etiam</span> <span class='ocrx_word' id='word_1_317' title='bbox 384 2283 421 2317; x_wconf 92' lang='lat' dir='ltr'>in</span> <span class='ocrx_word' id='word_1_318' title='bbox 452 2283 621 2332; x_wconf 88' lang='lat' dir='ltr'>ingeniis,</span> <span class='ocrx_word' id='word_1_319' title='bbox 654 2295 729 2319; x_wconf 88' lang='lat' dir='ltr'>non</span> <span class='ocrx_word' id='word_1_320' title='bbox 762 2283 881 2319; x_wconf 92' lang='lat' dir='ltr'>solum</span> <span class='ocrx_word' id='word_1_321' title='bbox 915 2283 953 2319; x_wconf 90' lang='lat' dir='ltr'>in</span> <span class='ocrx_word' id='word_1_322' title='bbox 986 2283 1196 2330; x_wconf 88' lang='lat' dir='ltr'>corporibus</span> <span class='ocrx_word' id='word_1_323' title='bbox 1228 2290 1414 2331; x_wconf 88' lang='lat' dir='ltr'>appareat.</span> 
     </span>
     <span class='ocr_line' id='line_1_42' title="bbox 242 2335 1414 2384; baseline 0.001 -14"><span class='ocrx_word' id='word_1_324' title='bbox 242 2335 409 2371; x_wconf 82' lang='lat' dir='ltr'>Alteram</span> <span class='ocrx_word' id='word_1_325' title='bbox 429 2343 552 2372; x_wconf 88' lang='lat' dir='ltr'>autem</span> <span class='ocrx_word' id='word_1_326' title='bbox 573 2336 678 2373; x_wconf 86' lang='lat' dir='ltr'>affert</span> <span class='ocrx_word' id='word_1_327' title='bbox 699 2336 901 2373; x_wconf 81' lang='lat' dir='ltr'>rationem:</span> <span class='ocrx_word' id='word_1_328' title='bbox 931 2335 1022 2372; x_wconf 88' lang='lat' dir='ltr'>nihil</span> <span class='ocrx_word' id='word_1_329' title='bbox 1048 2348 1140 2379; x_wconf 92' lang='lat' dir='ltr'>esse,</span> <span class='ocrx_word' id='word_1_330' title='bbox 1161 2337 1260 2384; x_wconf 91' lang='lat' dir='ltr'>quod</span> <span class='ocrx_word' id='word_1_331' title='bbox 1281 2335 1414 2380; x_wconf 82' lang='lat' dir='ltr'>doleat,</span> 
     </span>
     <span class='ocr_line' id='line_1_43' title="bbox 243 2388 1416 2438; baseline 0.001 -14"><span class='ocrx_word' id='word_1_332' title='bbox 243 2388 334 2437; x_wconf 89' lang='lat' dir='ltr'>quin</span> <span class='ocrx_word' id='word_1_333' title='bbox 367 2388 403 2425; x_wconf 88' lang='lat' dir='ltr'>id</span> <span class='ocrx_word' id='word_1_334' title='bbox 435 2402 577 2438; x_wconf 85' lang='lat' dir='ltr'>aegrum</span> <span class='ocrx_word' id='word_1_335' title='bbox 610 2402 690 2426; x_wconf 85' lang='lat' dir='ltr'>esse</span> <span class='ocrx_word' id='word_1_336' title='bbox 718 2401 868 2438; x_wconf 89' lang='lat' dir='ltr'>quoque</span> <span class='ocrx_word' id='word_1_337' title='bbox 901 2389 1041 2438; x_wconf 79' lang='lat' dir='ltr'>possit3</span> <span class='ocrx_word' id='word_1_338' title='bbox 1087 2389 1187 2437; x_wconf 86' lang='lat' dir='ltr'>quod</span> <span class='ocrx_word' id='word_1_339' title='bbox 1219 2395 1344 2426; x_wconf 88' lang='lat' dir='ltr'>autem</span> <span class='ocrx_word' id='word_1_340' title='bbox 1378 2389 1416 2425; x_wconf 90' lang='lat' dir='ltr'>in</span> 
     </span>
    </p>
   </div>
  </div>
 </body>
</html>
