1471 2585
92 97 283 149 67—69.]
455 109 555 134 Boot<
579 109 614 133 v.
636 109 753 133 CHAP.
777 99 840 140 23,
861 99 926 132 ⁶24.
1201 100 1274 135 139

91 214 129 243 et
148 207 280 242 diurno
308 211 346 242 et
373 211 554 240 nocturno
575 210 689 240 metu.
747 203 841 251 Age,
862 202 986 239 confer
1006 203 1273 248 Democritum,

93 260 356 308 Pythagoram,
377 258 653 305 Anaxagoram,
675 269 761 305 quae
780 269 904 304 regna,
919 269 1011 304 quas
1032 269 1120 304 opes
1142 256 1275 292 studiis

49 316 52 319 ⁴
91 325 218 350 eorum
238 320 275 348 et
292 311 598 348 delectationibus
618 310 847 358 antepones?
906 309 1058 345 Etenim
1077 322 1164 357 quae
1192 322 1275 357 pars
1294 317 1333 348 67

94 366 234 414 optima
251 372 308 401 est
325 365 363 400 in
383 365 545 407 homine,
566 364 604 399 in
624 376 668 399 ea
683 364 795 398 situm
816 375 895 398 esse
915 375 1064 398 necesse
1085 370 1142 398 est
1169 363 1275 405 illud,

40 447 48 448 ff
94 420 192 468 quod
226 418 375 466 quaeris,
410 417 606 465 optimum.
666 416 768 454 Quid
805 424 862 452 est
898 423 1020 451 autem
1051 416 1090 451 in
1126 416 1276 451 homine

95 471 215 520 sagaci
234 484 275 507 ac
296 472 392 506 bona
411 477 533 506 mente
553 469 715 506 melius?
773 469 868 517 Ejus
888 469 985 504 bono
1002 469 1200 505 fruendum
1220 476 1277 505 est

93 526 216 574 igitur,
237 525 265 560 si
286 524 384 560 beati
403 536 484 559 esse
504 524 704 565 volumus3
735 523 874 558 bonum
902 530 1027 557 autem
1057 522 1192 558 mentis
1221 529 1278 558 est

94 579 238 620 virtus;
269 590 355 626 ergo
387 577 455 613 hac
486 577 632 612 beatam
662 576 777 612 vitam
811 575 991 611 contineri
1024 588 1173 611 necesse
1207 583 1277 610 est.

98 632 197 667 Hinc
225 631 360 673 omnia,
392 643 479 679 quae
509 629 672 677 pulchra,
703 629 869 671 honesta,
899 628 1075 676 praeclara
1105 635 1192 664 sunt
1219 627 1279 674 (ut

95 697 205 733 supra
224 684 317 727 dixi,
331 684 394 720 sed
415 683 614 719 dicendum
632 683 729 718 idem
749 682 844 718 illud
864 681 990 730 paullo
1011 681 1159 717 uberius
1177 682 1277 717 vide-

95 737 184 785 tur),
207 738 316 785 plena
340 737 561 785 gaudiorum
593 742 693 771 sunt.
751 736 814 771 Ex
844 735 1031 783 perpetuis
1055 742 1178 770 autem
1199 735 1279 782 ple-

95 791 228 838 nisque
248 791 391 838 gaudiis
421 802 536 837 quum
569 789 805 837 perspicuum
836 789 883 824 sit
912 788 1025 823 vitam
1046 788 1191 823 beatam
1211 799 1278 823 ex-

96 844 234 887 sistere,
257 844 436 891 sequitur,
457 849 500 878 ut
519 855 562 878 ea
579 843 738 878 exsistat
757 855 805 877 ex
826 842 1031 877 honestate.

149 896 301 933 XXIV.
343 897 416 932 Sed
448 909 494 932 ne
527 896 647 931 verbis
685 895 808 931 solum
846 895 1072 942 attingamus
1105 907 1158 938 ea,
1191 907 1278 941 quae
1299 902 1337 931 68

96 951 270 987 volumus
289 951 493 991 ostendere,
512 949 753 997 proponenda
771 949 946 996 quaedam
963 948 1070 995 quasi
1090 947 1281 983 moventia

99 1011 197 1047 sunt,
219 1016 305 1052 quae
329 1016 396 1038 nos
426 1003 542 1051 magis
571 1003 615 1038 ad
643 1001 891 1050 cognitionem
920 1001 1280 1048 intelligentiamque

98 1063 327 1093 convertant.
385 1057 564 1092 Sumatur
587 1055 686 1090 enim
716 1055 822 1090 nobis
843 1055 996 1102 quidam
1023 1061 1206 1102 praestans
1226 1054 1282 1089 vir

99 1110 250 1158 optimis
282 1109 434 1152 artibus,
465 1109 572 1155 isque
604 1108 728 1143 animo
763 1120 960 1155 parumper
989 1114 1026 1142 et
1058 1107 1280 1155 cogitatione

99 1164 272 1211 fingatur.
320 1162 484 1197 Primum
501 1161 650 1209 ingenio
671 1161 809 1196 eximio
831 1161 878 1195 sit
896 1172 1046 1195 necesse
1066 1167 1144 1204 est3
1167 1159 1280 1195 tardis

99 1217 197 1252 enim
226 1215 413 1251 mentibus
440 1214 557 1250 virtus
585 1226 659 1249 non
684 1213 789 1249 facile
816 1213 1036 1255 comitatur;
1077 1213 1209 1248 deinde
1235 1213 1282 1248 ad

98 1269 393 1317 investigandam
414 1267 603 1304 veritatem
624 1267 746 1302 studio
767 1266 933 1302 incitato.
974 1266 1035 1301 Ex
1053 1278 1128 1313 quo
1144 1265 1282 1313 triplex

100 1323 162 1358 ille
181 1322 294 1358 animi
314 1321 411 1357 fetus
438 1321 617 1356 exsistet:
651 1332 750 1355 unus
769 1320 807 1354 in
829 1319 1039 1366 cognitione
1064 1331 1186 1354 rerum
1215 1331 1282 1366 po-

101 1376 193 1412 situs
224 1382 261 1411 et
291 1375 328 1410 in
359 1373 608 1422 explicatione
642 1380 812 1415 naturae3
849 1372 941 1407 alter
971 1372 1007 1406 in
1037 1372 1282 1420 descriptione

101 1429 395 1477 expetendarum
427 1427 734 1475 fugiendarumve
766 1437 914 1468 rerum3
960 1425 1088 1460 tertius
1118 1425 1154 1460 in
1178 1425 1283 1473 judi-

101 1483 231 1525 cando,
252 1482 342 1529 quid
369 1481 503 1528 cuique
528 1479 579 1515 rei
603 1479 651 1514 sit
676 1491 918 1526 consequens,
940 1478 1030 1526 quid
1058 1490 1282 1526 repugnans,

101 1536 141 1570 in
174 1547 247 1582 quo
284 1534 382 1569 inest
417 1533 536 1569 omnis
570 1544 688 1580 quum
724 1531 910 1568 subtilitas
947 1531 1163 1575 disserendi,
1203 1538 1282 1567 tum

104 1588 236 1624 veritas
250 1586 454 1635 judicandi.

157 1641 244 1680 Quo
264 1641 414 1676 tandem
433 1639 546 1688 igitur
564 1638 701 1686 gaudio
728 1638 824 1674 affici
849 1649 998 1673 necesse
1025 1643 1081 1672 est
1109 1636 1284 1685 sapientis
1302 1643 1342 1673 69

103 1694 268 1730 animum
298 1706 380 1729 cum
413 1693 470 1728 his
503 1692 730 1727 habitantem
769 1696 1122 1739 pernoctantemque
1160 1689 1282 1726 curis!

103 1754 157 1789 ut,
195 1759 310 1794 quum
348 1746 462 1782 totius
504 1745 635 1781 mundi
670 1750 794 1779 motus
833 1743 1167 1790 conversionesque
1203 1754 1286 1790 per-

104 1800 269 1848 spexerit
287 1799 479 1846 sideraque
495 1798 625 1833 viderit
648 1796 934 1832 innumerabilia
953 1796 1044 1831 caelo
1064 1796 1286 1832 inhaerentia

104 1866 189 1889 cum
213 1853 294 1900 ejus
319 1852 436 1900 ipsius
464 1858 570 1887 motu
598 1862 798 1897 congruere
828 1850 934 1885 certis
962 1848 1081 1885 infixa
1109 1849 1281 1893 sedibus;

105 1913 246 1955 septem
267 1905 337 1940 alia
356 1917 442 1940 suos
461 1916 622 1951 quaeque
643 1910 765 1938 tenere
785 1914 915 1938 cursus
934 1901 1093 1937 multum
1121 1903 1217 1938 inter
1246 1914 1286 1938 se

104 1967 170 1996 aut
202 1958 398 1994 altitudine
437 1963 502 1992 aut
537 1956 747 1991 humilitate
785 1955 971 1999 distantia,
1006 1967 1165 2003 quorum
1200 1955 1287 2003 vagi

106 2019 230 2048 motus
255 2018 334 2047 rata
353 2018 477 2045 tamen
505 2016 542 2045 et
569 2015 668 2044 certa
696 2008 754 2044 sui
783 2020 910 2044 cursus
937 2009 1055 2056 spatia
1080 2007 1284 2043 definiant:

106 2065 292 2101 -horum
311 2063 487 2099 nimirum
513 2062 709 2109 adspectus
729 2062 878 2109 impulit
897 2061 980 2097 illos
998 2068 1141 2096 veteres
1161 2067 1198 2096 et
1219 2060 1285 2096 ad-

107 2118 264 2161 monuit,
294 2124 337 2153 ut
365 2116 471 2165 plura
497 2121 716 2163 quaererent.
774 2115 868 2150 Inde
897 2120 954 2150 est
982 2113 1169 2161 indagatio
1199 2119 1288 2149 nata

106 2172 296 2208 initiorum
317 2177 354 2205 et
370 2178 560 2216 tamquam
577 2168 774 2210 seminum,
789 2168 888 2203 unde
909 2174 1033 2203 essent
1051 2167 1176 2201 omnia
1195 2172 1285 2211 orta,

108 2234 294 2272 generata,
315 2229 496 2265 concreta,
514 2233 675 2269 quaeque
695 2220 877 2269 cujusque
897 2219 1039 2267 generis
1057 2219 1114 2254 vel
1133 2219 1288 2254 inanimi

110 2278 170 2313 vel
197 2276 395 2313 animantis
426 2276 480 2311 vel
512 2274 606 2310 muti
635 2273 695 2309 vel
724 2273 914 2321 loquentis
944 2273 1057 2319 origo,
1083 2284 1169 2319 quae
1198 2272 1286 2316 vita,

110 2330 175 2377 qui
194 2330 366 2366 interitus
385 2340 546 2376 quaeque
576 2339 625 2362 ex
655 2326 726 2362 alio
755 2327 794 2362 in
820 2326 920 2361 aliud
940 2325 1156 2361 vicissitudo
1177 2332 1289 2373 atque

110 2383 290 2429 mutatio3
322 2382 420 2419 uude
446 2388 540 2418 terra
564 2387 601 2417 et
622 2380 758 2428 quibus
783 2380 916 2415 librata
941 2378 1177 2427 ponderibus,
1205 2378 1289 2426 qui-
