1471 2585
70 94 256 144 19—21.]
433 109 538 133 BOOK
566 108 610 133 11.
631 108 748 133 CHAP.
771 97 886 136 7—9.
1189 98 1238 138 47

119 203 281 251 Adspice
300 201 559 246 Philoctetam,
579 203 639 239 cui
668 203 943 239 concedendum
969 208 1025 239 est
1052 203 1237 251 gementi;
1262 208 1298 239 19

54 256 189 304 ‚ipsum
210 256 307 292 enim
328 256 530 292 Herculem
550 256 693 292 viderat
710 256 748 292 in
763 256 855 292 OEta
869 255 1123 304 magnitudine
1136 256 1241 292 dolo-

66 322 150 346 rum
169 309 382 357 ejulantem.
440 308 544 345 Nihil
563 309 676 358 igitur
694 309 793 346 hunc
822 309 941 345 virum
971 309 1128 358 sagittae,
1151 321 1242 357 quas

67 363 113 399 ab
135 362 294 399 Hercule
314 369 513 411 acceperat,
534 368 612 399 tum
633 363 931 407 consolabantur,
952 375 1069 411 quum

280 430 307 460 E
324 430 470 469 viperino
483 433 593 461 morsu
608 441 700 461 venae
716 431 878 461 viscerum

278 473 411 503 Vene'no
426 474 560 504 imbutae
576 476 698 504 taetros
713 474 877 504 cruciatus
892 473 986 504 cient.

70 545 203 594 Itaque
223 545 408 581 exclamat
426 545 612 582 auxilium
633 552 824 594 expetens,
844 546 935 581 mori
955 546 1128 594 cupiens:

282 613 356 643 Heu
375 615 381 643 !
405 613 478 652 quis
494 613 586 643 salsis
601 613 753 644 fluctibus
768 613 900 643 mandet

282 655 337 685 Me
353 666 394 686 ex
410 656 541 686 sublimi
556 657 679 687 vertice
694 657 766 686 saxi
780 657 790 686 ’ἐ

281 698 303 728 J
306 709 358 729 am
372 699 441 739 jam
458 700 620 738 absumor,
635 700 767 730 conficit.
781 699 921 730 animam

325 742 382 772 Vis
397 742 549 781 v61neris,
564 742 682 772 ulceris
696 745 812 773 aestus.

72 803 232 841 Difficile
252 803 353 840 dictu
372 804 531 847 videtur,
551 817 635 840 eum
655 817 731 840 non
758 805 799 841 in
826 804 923 841 malo
942 817 1022 840 esse
1049 811 1086 840 et
1113 816 1248 852 magno

73 858 237 907 quidem,
258 858 321 905 qui
340 857 393 893 ita
411 857 566 893 clamare
587 864 750 906 cogatur.

125 911 243 948 VIII.
274 911 348 947 Sed
368 910 558 947 videamus
581 911 783 948 Herculem
802 911 939 958 ipsum,
952 911 1111 959 quitum
1124 910 1248 947 dolore
1267 912 1306 942 20

71 964 318 1013 frangebatur,
339 977 456 1012 quum
475 964 789 1001 immortalitatem
809 965 888 1012 ipsa
907 972 1023 1000 morte
1042 965 1246 1012 quaerebat.

75 1018 180 1057 Quas
197 1018 258 1053 hic
278 1030 385 1054 voces
404 1018 503 1065 apud
530 1018 750 1066 Sophoclem
779 1018 818 1053 in
838 1017 1042 1054 Trachiniis
1062 1017 1159 1054 edit!
1192 1017 1252 1053 cui

75 1083 192 1119 quum
213 1071 389 1107 Deianira
417 1071 596 1119 sanguine
624 1071 801 1107 Centauri
829 1070 982 1107 tinctam
1011 1071 1174 1107 tunicam
1192 1070 1249 1106 in-

76 1125 229 1168 duisset,
249 1123 531 1172 inhaesissetque
552 1136 594 1159 ea
613 1124 826 1167 visceribus,
847 1124 899 1160 ait
916 1124 1001 1161 ille:

204 1191 230 1222 O
247 1191 351 1221 multa
366 1191 454 1220 dictu
467 1191 589 1231 gravia,
603 1200 758 1230 perpessu
774 1193 899 1230 aspera,

204 1234 284 1270 Quae
299 1236 434 1273 cdrpore
449 1235 618 1263 exanclata
633 1240 729 1273 atque
745 1233 851 1263 animo
866 1234 984 1273 pertuli
999 1235 1006 1264 !

205 1277 274 1308 Nec
290 1277 370 1306 mihi
385 1276 523 1307 -Junonis
539 1279 644 1306 terror
659 1276 882 1315 implacabilis,

205 1320 275 1351 Nec
291 1322 418 1349 tantum
432 1319 557 1349 invexit
573 1319 677 1349 tristis
693 1318 897 1359 Eurystheus
912 1319 998 1356 mali,

202 1363 368 1398 Quantum
384 1364 449 1393 una
464 1372 576 1392 vecors
593 1362 693 1392 Oe‘nei
707 1366 803 1402 partu
820 1362 916 1392 e‘dita.

206 1405 288 1436 Haec
303 1416 354 1435 me
370 1405 511 1435 irretivit
526 1408 615 1435 vaste
626 1405 735 1435 furiali
750 1405 897 1442 inscium,

207 1448 289 1484 Quae
305 1449 406 1478 latere
421 1448 584 1478 inhaerens
599 1451 709 1478 marsu
724 1448 845 1478 lacerat
861 1449 988 1479 viscera

206 1491 421 1532 Urgue‘nsque
436 1492 580 1531 graviter
594 1491 782 1531 pulmonum
797 1490 907 1521 haurit
921 1491 1054 1531 spiritus
1067 1501 1077 1530 3

206 1534 229 1564 J
231 1544 283 1564 am
300 1534 480 1564 decolorem
495 1535 684 1574 sanguinem
699 1544 826 1563 omnem
839 1534 1014 1564 exsorbuit.

209 1577 261 1607 Sic
277 1579 393 1616 carpus
409 1577 499 1607 clade
515 1577 662 1607 horribili
678 1577 884 1615 absumptum
900 1577 1057 1615 extabuit,

209 1620 286 1660 Ipse
302 1620 442 1660 illigatus
457 1622 547 1659 peste
562 1620 731 1650 interimor
746 1619 860 1649 te'xtili.

208 1662 279 1693 Hos
292 1665 356 1693 non
372 1662 495 1693 hostilis
511 1663 637 1699 dextra,
651 1672 715 1692 non
732 1663 834 1692 Terra
849 1662 935 1693 e‘dita

209 1705 313 1736 Moles
329 1705 514 1746 Gigantum,
529 1708 593 1736 non
608 1706 779 1736 biformato
796 1706 920 1745 impetu

209 1749 391 1779 Centaurus
405 1749 489 1779 ictus
504 1748 631 1788 corpori
646 1748 766 1778 inflixit
780 1758 864 1786 meo,

209 1791 283 1821 Non
299 1792 398 1822 Graia
413 1792 472 1830 vis,
486 1801 550 1821 non
566 1792 706 1821 bathara
720 1790 786 1820 ulla
801 1790 996 1829 immanitas,

210 1834 284 1864 Non
299 1837 395 1864 saeva
410 1834 508 1864 terris
523 1837 602 1874 gens
616 1834 758 1873 relegata
775 1833 906 1872 ultimis,

210 1876 299 1912 Quas
314 1880 489 1917 peragrans
504 1876 646 1916 undique
662 1879 789 1906 omnem
805 1876 880 1907 hinc
895 1875 1057 1908 fem'tatem
1073 1878 1180 1919 e'xpuli
1196 1888 1204 1915 ;

211 1920 275 1950 Sed
290 1919 429 1950 fe'minea
444 1920 505 1958 vir,
520 1919 657 1949 feminea
673 1918 841 1949 interim6r
855 1929 962 1951 manu,

145 1963 208 1994 IX.
255 1962 281 1992 O
297 1965 383 2001 nate,
398 1973 474 1992 vere
490 1963 551 1992 hoc
566 1965 683 1992 namen
697 1964 818 2002 usurpa
832 1962 919 2002 patri
935 1964 943 1993 !

213 2005 262 2036 Ne
277 2015 329 2035 me
345 2005 545 2035 occidentem
561 2005 675 2035 matris
689 2010 819 2045 superet
833 2006 962 2036 caritas.

212 2048 287 2078 Huc
304 2048 410 2087 arripe
425 2048 466 2078 ad
480 2058 533 2077 me
547 2049 696 2078 manibus
710 2049 907 2078 abstractam
922 2048 993 2088 piis.

212 2092 289 2122 Jam
305 2093 448 2128 cernam,
462 2100 556 2120 mene
570 2101 612 2120 an
627 2090 715 2120 illam
731 2091 887 2131 potiore'm
902 2096 1005 2130 putes.

254 2134 371 2174 Perge,
385 2134 480 2171 aude,
493 2138 568 2163 nate
583 2135 590 2164 Ξ
612 2134 768 2164 illacrima
783 2134 885 2174 patris
899 2134 1043 2173 pe'stibus
1057 2136 1064 2165 t
1276 2137 1313 2166 21

214 2176 372 2207 Miserere
389 2178 396 2207 Ξ
421 2176 542 2206 Gentes
555 2178 682 2206 n6stras
697 2177 820 2207 flebunt
834 2177 992 2207 miserias.

215 2219 291 2249 Heu
305 2222 312 2251 l
336 2219 528 2259 virginalem
543 2229 594 2248 me
610 2221 664 2249 ure
679 2220 841 2259 ploratum
857 2219 964 2258 edere,

215 2261 319 2298 Quem
335 2263 418 2292 vidit
432 2272 526 2292 nemo
541 2261 598 2291 ulli
613 2262 875 2302 ingemiscentem
890 2262 974 2292 malo
991 2264 997 2292 Ξ

214 2304 268 2335 Sic
282 2304 435 2335 fe'minata
450 2305 556 2335 virtus
570 2304 689 2335 afflicta.
703 2305 829 2335 6ceidit.

216 2348 356 2386 Accede,
370 2352 456 2386 nate,
470 2348 595 2385 assiste,
610 2348 828 2378 miserandum
844 2347 972 2387 adspice

218 2390 443 2422 Evisceratum
459 2393 575 2431 e6rpus
591 2391 768 2422 laceratum
784 2391 884 2431 patris
901 2392 908 2422 l
