1471 2585
61 92 251 145 80—82.]
393 106 499 131 Boox
528 105 555 131 1.
586 106 702 132 cHAP.
734 98 902 133 32—34.
1188 99 1236 136 27

60 202 231 238 morbum
266 201 384 245 cadat,
421 201 459 237 id
495 201 606 238 etiam
642 202 879 239 interiturum
899 217 908 247 3
948 203 1074 240 dolere
1111 209 1237 239 autem

60 255 203 291 animos
220 269 229 298 ς
260 266 345 303 ergo
364 254 476 290 etiam
494 255 655 292 interire.

54 303 58 306 ’
112 307 309 345 ΧΧΧΙΙΙ.
355 308 451 344 Haec
488 308 605 344 refelli
640 317 810 357 possunt.
868 310 965 346 Sunt
997 310 1095 346 enim
1129 310 1237 358 igno-

59 362 184 405 rantis,
205 373 323 409 quum
343 362 386 397 de
409 362 616 398 aeternitate
643 363 850 399 animorum
869 363 1023 407 dicatur,
1045 364 1090 400 de
1113 371 1236 399 mente

48 415 140 458 dici,
161 427 247 463 quae
266 415 367 451 omni
387 415 535 451 turbido
553 422 659 451 motu
679 428 822 464 semper
847 423 963 460 vacet,
988 430 1062 453 non
1091 418 1135 452 de
1153 429 1236 464 par-

59 468 158 504 tibus
175 468 234 513 iis,
254 468 293 504 in
313 468 448 516 quibus
463 470 717 518 aegritudines‚
739 470 803 505 irae
822 470 1070 519 libidinesque
1087 483 1237 506 versen-

58 528 129 565 tur,
167 534 260 570 quas
296 522 339 565 is,
374 529 501 558 contra
537 535 649 570 quem
682 523 763 559 haec
800 523 986 568 dicuntur,
1021 530 1180 560 semotas
1217 537 1237 560 a

57 581 181 611 mente
199 582 236 611 et
255 575 434 611 disclusas
454 583 574 624 putat.
621 576 704 612 Jam
724 576 930 612 similitudo
947 577 1064 626 magis
1085 584 1238 625 apparet

56 628 95 664 in
116 628 255 672 bestiis,
277 641 434 676 quarum
454 630 568 665 animi
595 637 683 666 sunt
709 630 862 666 rationis
889 639 1083 679 expertes;
1115 631 1235 667 homi-

56 693 149 718 num
167 690 293 718 autem
313 682 516 718 similitudo
534 683 572 718 in
593 696 789 731 corporum
811 684 930 731 figura
953 684 1071 732 magis
1099 691 1235 728 exstat,

57 741 96 771 et
113 735 185 783 ipsi
209 736 323 772 animi
348 737 472 784 magni
499 736 608 773 refert
634 737 736 784 quali
763 737 802 772 in
828 749 977 785 corpore
1006 738 1117 773 locati
1148 737 1233 773 sint.

58 788 183 825 Multa
207 789 306 825 enim
334 802 354 825 e
381 802 531 838 corpore
557 790 758 833 exsistunt,
781 803 867 838 quae
900 797 1035 827 acuant
1059 798 1234 835 mentem,

56 842 187 886 multa,
208 855 296 891 quae
317 843 539 879 obtundant.
598 843 817 880 Aristoteles
835 843 987 892 quidem
1015 844 1078 887 ait,
1108 856 1237 880 omnes

55 895 268 944 ingeniosos
286 896 573 933 melancholicos
593 910 684 941 esse,
705 904 748 933 ut
766 910 834 945 ego
860 910 919 933 me
939 897 1139 933 tardiorem
1158 910 1237 934 esse

57 962 133 985 non
169 950 325 986 moleste
362 950 489 986 feram.
560 951 766 986 Enumerat
802 951 955 995 multos,
987 951 1100 998 idque
1131 951 1237 998 quasi

57 1009 213 1046 constet,
233 1003 426 1047 rationem,
448 1017 512 1039 cur
530 1004 582 1040 ita
607 1004 684 1048 fiat,
713 1004 830 1041 affert.
888 1005 1035 1043 Quodsi
1059 1011 1161 1040 tanta
1180 1004 1237 1040 vis

57 1063 115 1093 est
131 1057 178 1092 ad
196 1057 365 1092 habitum
386 1057 519 1092 mentis
538 1058 576 1093 in
596 1058 653 1101 iis,
678 1071 765 1105 quae
792 1058 1000 1106 gignuntur
1025 1058 1063 1093 in
1088 1070 1236 1106 corpore

58 1106 120 1154 (ea
153 1117 240 1145 sunt
269 1116 405 1153 autem,
437 1122 675 1159 quaecunque
703 1118 801 1154 sunt,
836 1123 922 1158 quae
957 1111 1237 1147 similitudinem

56 1163 223 1209 faciant),
257 1163 351 1198 nihil
384 1164 612 1199 necessitatis
640 1164 756 1208 affert,
786 1176 852 1200 cur
878 1172 1078 1200 nascantur
1110 1165 1235 1208 animi,

57 1215 276 1252 similitudo.
334 1216 479 1253 Omitto
506 1217 780 1253 similitudines.
837 1216 983 1254 Vellem
1003 1218 1131 1253 adesse
1150 1229 1236 1265 pos-

58 1276 116 1306 set
143 1270 363 1314 Panaetius3
400 1270 499 1306 vixit
528 1283 612 1306 cum
641 1270 839 1314 Africano3
871 1283 1074 1318 quaererem
1102 1282 1149 1306 ex
1179 1283 1235 1314 eo,

58 1323 165 1372 cujus
185 1336 337 1359 suorum
359 1323 488 1359 similis
507 1323 638 1360 fuisset
653 1324 820 1360 Africani
846 1323 966 1359 fratris
992 1336 1120 1371 nepos,
1145 1323 1236 1360 facie

57 1378 117 1413 vel
132 1377 258 1425 patris,
279 1377 356 1413 vita
378 1377 546 1413 omnium
571 1377 797 1426 perditorum
822 1376 874 1413 ita
899 1377 1040 1421 similis,
1069 1384 1113 1413 ut
1141 1384 1238 1413 esset

56 1430 163 1467 facile
183 1430 425 1474 deterrimus;
457 1431 564 1479 cujus
583 1431 692 1467 etiam
713 1430 843 1466 similis
864 1431 907 1467 P.
927 1430 1062 1474 Crassi,
1084 1437 1120 1466 et
1139 1430 1237 1478 sapi-

58 1485 153 1520 entis
169 1491 206 1520 et
222 1484 429 1532 eloquentis
445 1492 482 1520 et
497 1484 606 1532 primi
620 1484 792 1526 hominis,
809 1496 938 1532 nepos,
955 1484 1239 1532 multorumque

58 1537 215 1573 aliorum
244 1537 425 1573 clarorum
441 1537 617 1582 virorum,
637 1550 731 1586 quos
759 1537 854 1573 nihil
881 1539 1014 1573 attinet
1033 1537 1236 1581 nominare,

57 1597 212 1639 nepotes
231 1598 267 1626 et
286 1590 366 1627 filii.

111 1645 186 1680 Sed
205 1644 295 1692 quid
314 1645 458 1693 agimus
474 1644 487 1680 ?
517 1644 670 1680 oblitine
686 1656 827 1687 sumus,
841 1644 910 1679 hoc
924 1656 1022 1679 nunc
1034 1644 1142 1680 nobis
1158 1656 1238 1680 esse

57 1697 303 1746 propositum,
323 1711 439 1745 quum
458 1698 546 1733 satis
575 1699 619 1734 de
649 1697 856 1734 aeternitate
882 1697 1118 1739 dixissemus,
1139 1709 1187 1733 ne
1207 1697 1238 1732 si

57 1751 249 1787 interirent
267 1751 417 1798 quidem
437 1751 563 1792 animi,
583 1751 783 1798 quicquam
801 1750 892 1785 mali
916 1762 996 1785 esse
1023 1750 1061 1785 in
1092 1751 1235 1786 morte?

59 1803 111 1841 A.
142 1805 223 1852 Ego
242 1817 328 1841 vero
348 1805 600 1846 memineram,
623 1805 686 1839 sed
706 1812 741 1840 te
761 1805 806 1839 de
826 1803 1033 1839 aeternitate
1051 1803 1235 1840 dicentem

57 1858 224 1894 aberrare
243 1870 264 1894 a
282 1858 470 1906 proposito
489 1857 594 1893 facile
614 1857 793 1905 patiebar.

110 1911 303 1948 XXXIV.
330 1909 390 1947 .M.
407 1910 527 1947 Video
545 1917 580 1946 te
600 1910 673 1946 alte
693 1917 856 1959 spectare
875 1917 912 1946 et
931 1910 1026 1946 velle
1043 1910 1080 1945 in
1101 1909 1236 1945 caelum
1260 1916 1267 1919 “

57 1965 226 2013 migrare.
284 1965 399 2012 Spero
425 1964 512 2007 foee,
539 1970 584 1999 ut
610 1964 801 2013 contingat
827 1964 866 2000 id
893 1964 1014 2000 nobis.
1073 1963 1147 1999 Sed
1166 1963 1234 2005 fac,

56 2024 102 2054 ut
118 2018 179 2054 isti
198 2017 343 2060 volunt,
363 2017 506 2052 animos
523 2029 599 2052 non
617 2029 805 2053 remanere
823 2024 907 2066 post
927 2025 1081 2053 mortem
1098 2030 1105 2052 :
1128 2016 1235 2051 video

57 2083 138 2116 nOS,
159 2071 189 2107 si
207 2071 259 2107 ita
278 2071 336 2114 sit,
359 2070 493 2118 privari
512 2083 576 2118 spe
596 2070 766 2106 beatioris
786 2072 875 2106 vitae
894 2085 902 2115 ;
932 2070 1020 2106 mali
1042 2082 1125 2105 vero
1145 2070 1236 2116 quid

57 2123 163 2161 affert
181 2125 252 2160 ista
271 2122 483 2159 sententia?
542 2123 616 2159 Fae
635 2124 731 2159 enim
752 2124 804 2159 sic
824 2124 990 2160 animum
1011 2122 1171 2163 interire,
1192 2130 1236 2159 ut

58 2190 214 2226 corpus:
243 2190 335 2213 num
353 2177 466 2225 igitur
485 2176 618 2225 aliquis
636 2177 741 2213 dolor
763 2185 827 2213 aut
849 2177 1000 2212 omnino
1027 2182 1112 2223 post
1135 2188 1234 2211 mor-

58 2237 134 2267 tem
154 2243 286 2267 sensus
303 2231 342 2266 in
363 2242 511 2278 corpore
531 2230 616 2266 est?
674 2229 794 2267 Nemo
817 2230 855 2266 id
875 2229 1025 2277 quidem
1045 2228 1146 2272 dicit,
1165 2229 1235 2265 etsi

58 2283 317 2320 Democritum
345 2283 539 2319 insimulat
564 2283 776 2332 Epicurus;
816 2282 1054 2319 Democritici
1082 2288 1232 2330 negant.

59 2336 117 2374 Ne
144 2337 184 2373 in
207 2337 330 2373 animo
348 2336 498 2385 quidem
524 2336 637 2384 igitur
667 2349 796 2372 sensus
824 2342 1001 2378 remanet,
1027 2336 1105 2383 ipse
1135 2335 1232 2370 enim

58 2401 245 2439 nusquam
278 2396 345 2426 est.
410 2389 488 2426 Ubi
517 2389 630 2438 igitur
661 2390 801 2426 malum
832 2395 900 2433 est,
931 2390 1108 2437 quoniam
1140 2388 1233 2423 nihil

611 2455 636 2479 D
655 2445 678 2479 2

1255 315 1293 343 Sto

1256 1224 1292 1252 Sl
