1471 2585
193 101 243 136 92
459 110 664 135 TUSCULAN
694 109 994 135 DISPUTATIONS.
1240 95 1376 148 [2—4.

192 205 345 254 publica
361 205 529 241 liberata.
588 204 667 241 Nec
689 217 772 241 vero
792 205 851 241 hic
871 204 976 241 locus
996 211 1063 249 est,
1084 211 1127 241 ut
1145 205 1190 241 de
1211 205 1378 242 moribus

193 259 449 306 institutisque
469 258 650 308 majorum
667 265 704 294 et
722 258 920 307 disciplina
939 271 980 294 ac
1002 260 1268 306 temperatione
1287 259 1380 295 civi-

196 312 282 348 tatis
302 312 523 361 loquamur3
554 312 635 348 aliis
667 312 749 348 haec
780 312 868 347 locis
903 312 991 348 satis
1023 319 1193 348 accurate
1221 325 1243 348 a
1271 312 1379 349 nobis

196 366 294 402 dicta
314 372 412 409 sunt,
433 367 672 413 maximeque
685 365 722 401 in
738 366 781 401 iis
795 378 861 401 sex
878 365 994 408 libr-is,
1011 377 1104 412 quos
1120 366 1163 401 de
1176 365 1380 414 republica

160 426 178 454 2
197 419 424 467 scripsimus.
484 419 568 455 Hoc
594 428 719 455 autem
744 418 826 454 loco
852 418 1101 454 consideranti
1132 418 1224 454 mihi
1257 419 1380 455 studia

197 472 376 508 doctrinae
395 472 516 508 multa
532 485 618 508 sane
637 479 847 515 occurrunt,
868 484 932 507 cur
960 484 1002 507 ea
1030 484 1179 519 quoque
1207 472 1381 508 arcessita

197 526 349 561 aliunde
367 538 491 574 neque
511 526 633 562 solum
663 526 842 573 expetita,
865 525 928 561 sed
958 525 1070 560 etiam
1099 532 1316 562 conservata
1343 532 1380 562 et

198 579 298 615 culta
334 579 542 616 videantur.
601 579 692 614 Erat
724 579 821 614 enim
855 578 929 613 illis
961 590 1070 626 paene
1102 578 1140 614 in
1178 585 1380 627 conspectu

197 632 392 680 praestanti
417 632 597 680 sapientia
617 639 653 668 et
675 632 868 668 nobilitate
896 631 1139 680 Pythagoras,
1160 631 1225 680 qui
1243 632 1314 668 fuit
1340 632 1379 668 in

199 685 310 722 Italia
346 687 575 733 temporibus
608 685 751 728 iisdem,
789 685 925 732 quibus
964 685 1009 721 L.
1042 685 1181 721 Brutus
1223 685 1378 733 patriam

197 739 381 782 liberavit,
402 739 602 787 praeclarus
622 746 750 774 auctor
771 737 978 774 nobilitatis
1007 746 1095 774 tuae.
1152 738 1379 786 Pythagorae

199 799 324 828 autern
343 792 508 828 doctrina
524 805 642 841 quum
655 793 764 839 longe
783 791 932 839 lateque
945 791 1087 834 flueret,
1104 792 1380 839 permanavisse

198 845 287 882 mihi
309 845 457 882 videtur
479 846 514 881 in
547 846 639 881 banc
667 846 867 886 civitatem,
888 845 1001 892 idque
1031 857 1148 893 quum
1170 844 1382 893 conjectura

198 899 388 946 probabile
407 906 475 942 est,
496 907 576 935 turn
596 899 821 946 quibusdam
849 899 960 934 etiarn
989 899 1154 947 vestigiis
1181 898 1378 935 indicatur.

199 952 297 990 Quis
316 953 414 988 enim
435 959 502 996 est,
523 953 588 1000 qui
609 959 725 1000 putet,
746 964 862 1000 quum
882 952 1029 987 floreret
1047 951 1084 987 in
1107 951 1218 988 Italia
1233 951 1381 988 Graecia

197 1006 467 1053 potentissimis
486 1013 523 1042 et
543 1006 716 1041 maximis
744 1006 912 1048 urbibus,
934 1017 976 1040 ea
1004 1017 1090 1052 quae
1120 1017 1255 1053 magna
1282 1005 1382 1041 dicta

198 1064 266 1102 est,
287 1059 324 1095 in
354 1059 476 1108 iisque
505 1059 666 1107 primum
696 1059 813 1107 ipsius
845 1058 1081 1106 Pythagorae,
1103 1058 1235 1094 deinde
1253 1065 1383 1106 postea

199 1112 517 1160 Pythagoreorum
532 1120 678 1148 tantum
692 1124 826 1148 nomen
839 1119 947 1153 esset,
962 1118 1171 1147 nostrorum
1184 1111 1381 1148 hominum

162 1173 179 1201 3
198 1165 244 1201 ad
263 1178 388 1202 eorum
411 1166 642 1202 doctissimas
664 1178 771 1201 voces
788 1177 894 1201 aures
915 1165 1059 1200 clausas
1079 1164 1219 1201 fuisse?
1277 1165 1381 1204 Quin

199 1219 310 1255 etiam
348 1220 516 1263 arbitror,
556 1226 705 1267 propter
740 1218 1062 1266 Pythagoreorum
1099 1218 1380 1254 admirationem

199 1271 363 1308 Numam
397 1285 549 1321 quoque
582 1285 704 1320 regem
743 1272 1021 1320 Pythagoreum
1058 1283 1080 1306 a
1116 1271 1381 1319 posterioribus

199 1325 468 1362 existimatum.
527 1325 624 1361 Nam
657 1337 772 1373 quum
811 1324 1038 1372 Pythafrorae
1075 1324 1309 1372 disciplinam
1344 1331 1383 1361 et

198 1378 372 1415 instituta
402 1385 666 1427 cognoscerent
697 1378 867 1425 regisque
895 1377 977 1425 ejus
1007 1377 1224 1425 aequitatem
1258 1386 1295 1414 et
1323 1390 1381 1414 sa-

199 1432 377 1479 pientiam
398 1445 418 1468 a
439 1431 639 1480 majoribus
668 1431 745 1466 suis
773 1431 1012 1478 accepissent,
1034 1438 1163 1467 aetates
1192 1438 1318 1467 autem
1346 1438 1384 1468 et

199 1491 367 1533 tempora
397 1486 610 1533 ignorarent
643 1492 791 1532 propter
817 1491 1066 1520 vetustatem·
1096 1497 1195 1528 eum,
1228 1485 1295 1532 qui
1323 1497 1382 1521 sa-

199 1538 340 1586 pientia
377 1538 589 1582 excelleret,
628 1537 854 1586 Pythagorae
896 1537 1103 1574 auditorem
1148 1538 1384 1575 crediderunt

198 1591 325 1628 fuisse.

254 1644 310 1681 II.
342 1645 393 1680 Et
428 1645 472 1680 de
509 1644 720 1693 conjectura
761 1643 911 1692 quidem
954 1643 1146 1680 haetenus.
1214 1643 1383 1693 Vestigia

200 1704 324 1734 autem
347 1698 664 1745 Pythagoreorum
687 1709 911 1745 quamquam
932 1697 1051 1733 multa
1070 1697 1192 1745 colligi
1212 1704 1381 1745 possunt,

200 1751 328 1798 paucis
341 1758 465 1787 tamen
481 1759 638 1795 utemur,
653 1751 828 1798 quoniam
845 1763 917 1786 non
932 1750 969 1786 id
982 1749 1103 1798 agitur
1118 1750 1186 1786 hoc
1202 1758 1379 1799 tempore.

202 1804 300 1840 Nam
320 1817 435 1852 quum
458 1805 681 1840 carminibus
703 1804 802 1840 soliti
829 1803 883 1839 illi
912 1816 991 1839 esse
1020 1804 1191 1840 dicantur
1219 1811 1256 1840 et
1284 1817 1380 1852 prae-

201 1865 308 1905 cepta
326 1858 502 1905 quaedam
523 1858 703 1894 occultius
724 1858 865 1893 tradere
891 1863 928 1892 et
956 1864 1097 1892 mentes
1117 1869 1202 1893 suas
1230 1871 1252 1894 a
1279 1858 1380 1906 cogi-

200 1911 384 1946 tationum
405 1910 610 1946 intentione
630 1918 741 1946 cantu
762 1910 972 1957 fidibusque
998 1910 1043 1945 ad
1073 1910 1380 1958 tranquillitatem

200 1964 391 2000 traducere
409 1977 417 1999 :
448 1964 688 2010 gravissimus
708 1971 836 1999 auctor
854 1963 892 1998 in
914 1963 1131 2010 Originibus
1156 1964 1253 1999 dixit
1273 1964 1379 2008 Cato,

201 2029 339 2053 morem
361 2016 459 2064 apud
481 2017 637 2065 majores
658 2017 754 2059 hunc
774 2017 967 2064 epularum
987 2017 1112 2059 fuisse,
1132 2022 1174 2051 ut
1194 2016 1380 2065 deinceps,

201 2070 267 2118 qui
298 2071 531 2113 accubarent,
565 2078 739 2106 canerent
767 2071 814 2105 ad
843 2070 970 2106 tibiam
1009 2069 1187 2105 clarorum
1218 2070 1380 2106 virorum

201 2123 330 2159 laudes
344 2131 454 2171 atque
470 2123 639 2158 virtutes.
688 2123 750 2159 Ex
766 2135 839 2171 quo
855 2123 1088 2171 perspicuum
1111 2129 1177 2166 est,
1197 2129 1234 2158 et
1248 2130 1380 2160 cantus

163 2184 183 2212 4
203 2183 281 2212 tum
300 2176 415 2212 fuisse
435 2177 629 2224 rescriptos
649 2189 781 2212 vocum
811 2176 910 2211 sonis
939 2183 974 2211 et
1003 2175 1176 2211 carmina.
1234 2175 1380 2214 Quam-

201 2241 313 2276 quam
332 2230 370 2265 id
390 2230 540 2277 quidem
560 2229 670 2265 etiam
691 2242 749 2264 xu
781 2230 919 2265 tabulae
948 2229 1148 2271 declarant,
1168 2229 1276 2264 condi
1299 2229 1379 2277 jam

201 2291 280 2318 tum
301 2283 451 2318 solitum
468 2295 548 2319 esse
568 2295 711 2319 carmen
728 2296 736 2318 :
758 2283 858 2330 quod
879 2295 924 2318 ne
937 2282 1061 2317 liceret
1077 2282 1154 2317 fieri
1171 2282 1215 2317 ad
1229 2281 1380 2319 alterius

200 2335 387 2384 injuriam,
404 2336 484 2384 lege
500 2343 718 2372 sanxerunt.
758 2336 834 2371 Nec
851 2348 937 2371 vero
953 2335 1044 2370 illud
1061 2347 1135 2370 non
1152 2335 1380 2372 eruditorum

200 2395 410 2437 temporum
429 2397 688 2438 argumentum
708 2395 775 2433 est,
793 2389 894 2436 quod
906 2396 943 2424 et
954 2389 1107 2425 deorum
1122 2388 1380 2437 pulvinaribus
