1471 2585
118 192 157 221 49

180 82 252 116 134
501 90 703 115 TUSCULAN
734 90 1027 115 mspumrmns.
1164 75 1354 127 [49—53.

229 185 363 222 XVII.
398 185 524 233 Atque
555 184 624 220 hoc
660 184 711 220 sic
749 185 860 220 etiam
897 184 1142 221 concluditur.
1201 184 1280 220 Nec
1316 184 1355 220 in

176 239 309 275 misera
330 240 403 275 vita
434 238 632 286 quicquam
664 244 719 273 est
752 237 988 285 praedicabile
1011 245 1076 274 aut
1105 237 1353 286 gloriandum,

176 305 244 328 nec
272 293 309 328 in
341 306 394 341 ea,
416 304 502 340 quae
536 303 603 327 nec
634 291 768 327 misera
799 291 846 327 sit
878 302 945 327 nec
971 292 1090 327 beata.
1148 291 1198 326 Et
1231 297 1288 326 est
1315 291 1355 326 in

176 346 301 394 aliqua
322 346 396 381 vita
416 344 651 393 praedicabile
671 344 811 392 aliquid
832 351 868 380 et
886 344 1119 392 gloriandum
1148 357 1189 380 ac
1217 356 1295 392 prae
1316 356 1354 380 se

177 399 379 442 ferendum,
401 404 444 434 ut
466 398 766 446 Epaminondas:

346 474 493 504 Consiliis
508 474 627 504 nostris
643 474 712 504 laus
727 477 777 503 est
791 478 918 504 attonsa
935 473 1097 504 Laeonum
1114 484 1121 511 ;

174 542 216 571 ut
236 536 456 572 Africanus:

347 615 375 644 A
392 613 458 643 sole
473 613 640 643 exoriente
655 622 754 652 supra
771 613 899 643 Maeotis
915 613 1048 653 paludes

389 657 492 687 Nemo
508 662 568 695 est,
584 657 638 696 qui
654 656 748 686 sactis
764 657 966 696 aequiperare
983 660 1088 696 queat.

117 731 157 759 50
177 726 289 766 Quod
310 727 338 762 si
371 733 438 769 est,
457 727 567 762 beata
586 726 664 761 vita
683 726 873 774 glorianda
902 733 939 762 et
968 726 1200 774 praedicanda
1220 736 1256 763 et
1276 739 1353 775 prae

117 1262 151 1290 51

177 793 214 816 se
234 780 383 816 ferenda
403 786 482 823 est3
514 779 606 815 nihil
626 786 682 815 est
700 779 797 814 enim
820 779 932 822 aliud,
954 780 1054 828 quod
1076 780 1354 828 praedicandum

175 841 212 869 et
231 846 309 881 prae
327 846 364 868 se
384 833 576 869 ferendum
606 832 666 869 sit.
723 832 871 870 Quibus
901 833 1028 880 positis
1055 833 1243 881 intelligis,
1264 833 1354 881 quid

175 894 362 933 sequatur.
422 886 471 921 Et
499 885 662 933 quidem,
682 885 753 921 nisi
782 898 824 921 ea
853 886 929 921 vita
958 887 1064 922 beata
1094 893 1160 930 est,
1182 899 1268 934 quae
1298 895 1354 922 est

175 940 302 975 eadem
333 939 499 981 honesta,
521 939 568 974 sit
592 939 693 974 aliud
723 951 872 974 necesse
903 946 959 975 est
986 940 1118 975 melius
1138 939 1213 975 vita
1231 939 1352 975 beata.

176 992 288 1031 Quod
308 993 375 1028 erit
394 993 492 1028 enim
513 992 722 1035 honestum,
744 999 839 1027 certe
866 992 1080 1028 fatebuntur
1108 1005 1186 1028 esse
1206 992 1352 1029 melius.

176 1045 235 1081 Ita
253 1046 321 1081 erit
340 1046 446 1081 beata
465 1045 542 1080 vita
572 1045 703 1080 melius
733 1045 872 1092 aliquid
890 1058 898 1088 3
930 1058 1004 1093 quo
1032 1045 1121 1093 quid
1141 1052 1265 1093 potest
1283 1045 1355 1081 dici

174 1098 413 1146 perversius?
470 1097 603 1137 Quid?
633 1110 749 1145 quum
776 1098 936 1133 fatentur
967 1099 1055 1134 satis
1085 1110 1256 1147 magnam
1276 1098 1354 1134 vim

174 1164 253 1187 esse
272 1152 309 1187 in
330 1151 429 1187 vitiis
448 1152 493 1187 ad
509 1151 678 1187 miseram
698 1151 822 1194 vitam,
839 1164 961 1186 nonne
975 1152 1162 1187 fatendum
1183 1159 1249 1194 est,
1266 1163 1355 1187 ean-

175 1205 258 1240 dem
278 1205 352 1240 vim
373 1205 551 1240 virtutum
573 1216 652 1240 esse
672 1205 715 1239 ad
738 1205 881 1239 beatam
914 1205 1025 1240 vitam
1043 1205 1056 1239 ?
1087 1204 1352 1240 contrariorum

175 1258 271 1293 enim
307 1258 489 1293 contraria
522 1265 609 1293 sunt
643 1257 919 1304 consequentia.
979 1257 1065 1296 Quo
1098 1257 1179 1293 loeo
1209 1269 1351 1305 quaero,

174 1323 286 1359 quam
307 1311 383 1346 vim
403 1311 537 1346 habeat
556 1311 650 1346 libra
668 1311 731 1345 illa
752 1310 915 1351 Critolai,
929 1310 993 1358 qui
1010 1323 1126 1358 quum
1146 1310 1182 1345 in
1200 1310 1352 1346 alteram

172 1364 314 1400 lancem
337 1364 447 1399 animi
468 1364 565 1399 bona
590 1363 768 1410 imponat,
789 1363 826 1398 in
850 1363 1000 1398 alteram
1029 1363 1190 1411 corporis
1219 1370 1256 1398 et
1284 1375 1353 1398 ex-

173 1424 288 1459 terna,
310 1424 454 1452 tantum
476 1416 700 1464 propendere
719 1416 818 1451 illam
848 1416 988 1451 lancem
1009 1423 1127 1464 putet,
1148 1423 1191 1451 ut
1219 1423 1352 1452 terram

173 1477 210 1505 et
229 1470 343 1505 maria
363 1469 555 1517 deprimat,

225 1522 381 1558 XVIII.
413 1522 514 1561 Quid
533 1535 619 1570 ergo
638 1528 703 1557 aut
722 1522 820 1557 hune
841 1522 1009 1570 prohibet
1021 1528 1085 1557 aut
1099 1521 1210 1558 etiam
1224 1521 1352 1558 Xeno-

173 1583 307 1611 cratem
322 1575 443 1620 illum,
458 1575 715 1624 gravissimum
732 1575 1049 1623 philosophorum,
1064 1583 1351 1624 exaggerantem

172 1635 275 1664 tanto
295 1641 403 1676 opere
421 1629 608 1672 virtutem,
625 1635 892 1664 extenuantem
911 1635 1031 1664 cetera
1049 1636 1085 1664 et
1103 1628 1350 1677 abjicientem,

172 1682 209 1717 in
241 1682 376 1718 virtute
403 1694 478 1718 non
508 1683 653 1718 beatam
684 1682 793 1717 modo
814 1682 938 1724 vitam,
961 1682 1025 1717 sed
1049 1681 1159 1717 etiam
1182 1681 1351 1717 beatissi-

172 1747 269 1770 mam
290 1735 454 1783 ponere?
485 1736 585 1783 quod
614 1735 764 1782 quidem
793 1735 862 1769 nisi
891 1735 945 1777 fit,
966 1734 1146 1770 virtutum
1182 1734 1352 1771 interitus

115 1793 155 1822 52
173 1796 431 1836 consequetur.
489 1788 586 1824 Nam
606 1789 644 1823 in
664 1800 775 1835 quem
796 1788 894 1823 eadit
913 1788 1109 1836 aegritudo‚
1130 1788 1167 1823 in
1188 1788 1350 1824 eundem

111 2323 149 2352 53

172 1847 311 1876 metum
332 1842 460 1876 eadere
480 1854 628 1877 necesse
649 1849 728 1884 est;
753 1848 808 1876 est
827 1841 923 1876 enim
947 1848 1066 1876 metus
1087 1841 1224 1877 futurae
1242 1841 1352 1889 aegri-

172 1894 311 1930 tudinis
333 1894 487 1930 sollicita
515 1894 770 1942 exspectatio;
802 1893 839 1929 in
867 1906 978 1941 quem
1007 1901 1132 1929 autem
1158 1901 1292 1937 metus,
1312 1893 1350 1929 in

171 1947 329 1982 eundem
352 1947 520 1991 formido,
535 1947 726 1991 timiditas,
744 1959 869 1995 pavor,
884 1947 1030 1995 ignavia
1045 1962 1053 1990 ;
1076 1959 1174 1995 ergo,
1192 1956 1234 1982 ut
1252 1947 1349 1982 idem

174 2000 341 2036 vincatur
359 2000 545 2036 interdum
566 2013 632 2036 nec
648 2007 755 2048 putet
774 2001 819 2036 ad
837 2013 874 2036 se
894 2007 1122 2048 praeceptum
1138 2000 1230 2036 illud
1244 1999 1350 2036 Atrei

170 2054 373 2100 pertinere:
753 2052 758 2055 ”

328 2131 469 2162 Proinde
486 2132 532 2161 ita
547 2134 663 2170 parent
679 2141 712 2161 se
729 2131 761 2161 in
779 2132 858 2170 vita,
872 2136 908 2162 ut
924 2132 1007 2163 vinci
1023 2132 1178 2163 nesciant.

170 2210 243 2245 Hic
276 2216 400 2246 autem
432 2210 612 2253 vincetur,
642 2216 683 2245 ut
717 2210 809 2254 dixi,
837 2223 904 2246 nec
936 2211 1045 2246 modo
1077 2210 1257 2253 vincetur,
1284 2210 1348 2245 sed

168 2262 279 2298 etiam
301 2263 447 2299 serviet.
506 2263 584 2299 Nos
603 2269 724 2298 autem
748 2263 922 2299 virtutem
945 2275 1089 2311 semper
1108 2262 1259 2299 liberam
1282 2274 1348 2298 vo-

167 2315 305 2358 lumns,
327 2328 472 2363 semper
490 2316 679 2352 invictam.
738 2316 837 2354 Quae
858 2317 924 2352 nisi
946 2324 1044 2357 sunt,
1065 2316 1212 2352 sublata
1233 2315 1348 2352 virtus

167 2374 236 2406 est.
292 2369 411 2417 Atqui
440 2369 471 2405 si
496 2370 533 2405 in
566 2370 701 2406 virtute
727 2369 816 2406 satis
845 2377 901 2406 est
929 2369 1094 2418 praesidii
1112 2369 1157 2405 ad
1178 2369 1271 2405 bene
1290 2369 1347 2406 vi-
