1471 2585
116 69 306 122 74—76.]
456 84 558 109 BOOK
578 84 616 109 v.
638 84 754 109 anP.
774 74 941 113 25—27.
1220 75 1290 110 141

116 179 292 228 Epicuro,
318 178 405 227 quia
431 179 690 215 tantummodo
714 179 837 215 induit
862 191 1058 227 personam
1082 179 1295 227 philosophi

114 240 152 268 et
181 232 250 268 sibi
277 233 355 280 ipse
384 232 453 267 hoc
487 245 620 267 nomen
649 232 846 280 inscripsit,
881 233 998 268 dicere
1026 232 1153 268 licebit
1175 232 1293 281 (quod

59 293 63 295 ’
113 285 279 333 quidem,
294 292 336 321 ut
351 284 463 321 habet
478 298 515 320 se
535 298 603 326 res,
624 297 683 321 me
704 293 826 321 tamen
847 285 1047 333 plaudente
1068 283 1187 332 dicit),
1207 285 1293 320 nul-

114 339 194 374 lum
226 338 383 387 sapienti
418 351 496 374 esse
528 345 687 386 tempus,
719 339 862 374 etiamsi
893 347 1034 381 uratur,
1063 344 1293 387 torqueatur,

115 398 271 435 secetur,
290 391 380 439 quin
402 391 517 438 possit
537 392 742 427 exclamare
760 405 768 427 ι
807 391 922 431 Quam
944 405 1010 439 pro
1038 392 1152 428 nihilo
1176 396 1264 440 puto
1278 392 1293 427 Ι

116 457 234 492 quum
265 445 468 492 praesertim
498 456 606 480 omne
634 445 774 480 malum
801 445 927 480 dolore
953 445 1119 487 definiat,
1152 446 1294 480 bonum

116 498 319 558 voluptate,
346 498 427 533 haec
455 505 580 533 nostra
608 497 762 533 honesta
789 498 911 545 turpia
936 498 1084 534 irrideat
1106 499 1292 546 dicatque,

115 563 183 586 nos
211 552 248 586 in
274 551 426 587 vocibus
454 558 651 598 occupatos
679 551 807 586 inanes
837 563 947 586 sonos
976 551 1141 593 fundere,
1172 563 1294 598 neque

114 604 315 652 quicquam
335 605 380 640 ad
400 616 467 639 nos
487 603 680 652 pertinere,
701 604 772 640 nisi
791 604 892 651 quod
913 611 978 639 aut
998 604 1080 639 leve
1102 611 1167 640 aut
1186 616 1292 652 aspe-

114 669 197 693 rum
232 657 271 693 in
309 670 459 704 corpore
502 657 706 701 sentiatur3
754 657 842 693 huic
880 670 978 705 ergo,
1019 666 1060 693 ut
1094 658 1187 700 dixi,
1219 670 1295 693 non

116 711 274 746 multum
314 710 497 746 differenti
534 723 555 745 a
586 686 728 758 judicio
759 710 931 753 ferarum,
964 710 1135 746 oblivisci
1169 710 1296 746 licebit

115 763 203 799 sui?
241 770 278 799 et
304 770 383 799 tum
414 763 599 799 fortunam
626 771 875 807 contemnere,
897 776 1013 811 quum
1045 764 1092 799 sit
1120 776 1230 799 omne
1260 770 1297 799 et

114 817 254 853 bonum
275 817 354 865 ejus
375 823 411 852 et
430 817 569 852 malum
589 816 629 851 in
648 823 831 864 potestate
851 817 1011 852 fortunae
1032 817 1045 852 ’.Ι
1073 824 1152 852 tum
1177 817 1296 852 dicere

115 882 154 905 se
181 870 334 906 beatum
362 870 400 905 in
430 883 574 905 summo
605 871 769 907 cruciatu
802 879 913 918 atque
944 870 1148 914 tormentis,
1179 882 1296 917 quum

115 923 361 965 constituerit,
382 936 458 959 non
484 923 594 959 modo
624 936 813 959 summum
841 923 978 959 malum
1011 936 1089 959 esse
1119 923 1296 965 dolorem,

117 976 181 1012 sed
202 976 311 1013 etiam
340 976 491 1012 solum?
549 976 626 1012 Nec
655 989 740 1012 vero
769 977 834 1012 illa
863 977 931 1012 sibi
958 977 1120 1012 remedia
1149 978 1297 1024 compa-
1317 982 1358 1014 74

115 1030 212 1065 ravit
230 1030 275 1065 ad
296 1030 529 1065 tolerandum
549 1030 726 1072 dolorem,
748 1030 960 1066 firmitatem
989 1030 1113 1074 animi,
1136 1031 1298 1077 turpitu-

116 1082 213 1118 dinis
250 1083 522 1124 verecundiam,
567 1083 870 1118 exercitationem
916 1083 1300 1131 consuetudinemque

116 1135 292 1182 patiendi,
324 1142 510 1184 praecepta
538 1135 778 1179 fortitudinis,
815 1136 990 1171 duritiam
1025 1136 1194 1180 virilem3
1235 1136 1300 1171 sed

116 1200 193 1224 una
219 1201 258 1224 se
277 1189 368 1224 dicit
393 1189 643 1225 recordatione
670 1189 902 1236 acquiescere
932 1189 1204 1237 praeteritarum
1230 1201 1297 1224 vo·-

115 1241 317 1289 luptatum,
350 1248 393 1277 ut
423 1242 453 1277 si
484 1242 567 1289 quis
598 1248 776 1284 aestuans,
807 1254 923 1289 quum
954 1242 1027 1277 vim
1061 1242 1192 1277 caloris
1223 1254 1299 1277 non

116 1294 224 1330 facile
250 1295 423 1343 patiatur,
452 1295 632 1330 recordari
658 1295 758 1338 velit,
789 1307 869 1330 sese
899 1295 1100 1342 aliquando
1129 1295 1166 1330 in
1187 1295 1299 1343 Arpi·

117 1347 195 1383 nati
215 1356 340 1384 nostro
359 1348 490 1396 gelidis
509 1348 727 1384 fluminibus
751 1348 1017 1384 circumfusum
1036 1348 1163 1384 fuisse.
1213 1348 1299 1384 Non

117 1401 216 1437 enim
247 1402 367 1445 video,
398 1414 472 1449 quo
503 1402 614 1437 modo
643 1402 769 1437 sedare
801 1401 945 1449 possint
977 1401 1074 1436 mala
1100 1401 1300 1449 praesentia

119 1454 318 1501 praeteritae
337 1454 561 1502 voluptates.
620 1454 694 1490 Sed
714 1467 830 1502 quum
854 1455 885 1490 is
908 1455 1018 1498 dicat,
1046 1467 1191 1502 semper
1212 1454 1298 1489 bea·
1318 1459 1357 1492 75

119 1515 199 1542 tum
233 1520 312 1543 esse
346 1508 562 1555 sapientem,
596 1508 655 1543 cui
688 1508 807 1543 dicere
840 1507 921 1550 hoc,
958 1508 987 1543 si
1027 1507 1096 1543 sibi
1132 1514 1299 1543 constare

120 1560 244 1604 vellet,
266 1573 339 1596 non
360 1561 509 1597 liceret:
539 1561 716 1608 quidnam
736 1561 948 1596 faciendum
968 1567 1024 1596 est
1043 1561 1099 1604 iis,
1121 1560 1187 1608 qui
1206 1560 1299 1596 nihil

119 1614 385 1662 expetendum,
413 1614 506 1649 nihil
532 1614 570 1650 in
600 1614 707 1650 bonis
733 1614 958 1657 ducendum,
981 1614 1080 1661 quod
1106 1613 1299 1649 honestate

119 1674 250 1711 careat,
271 1667 514 1703 existimant?

174 1720 238 1755 Me
275 1720 424 1767 quidem
466 1726 613 1756 auctore
656 1720 767 1756 etiam
805 1719 1043 1767 Peripatetici
1081 1725 1299 1767 veteresque

120 1773 333 1809 Academici
371 1773 553 1809 balbutire
590 1773 790 1821 aliquando
824 1773 996 1808 desinant
1032 1780 1232 1820 aperteque
1263 1778 1301 1808 et

121 1825 218 1861 clara
246 1838 334 1861 voce
363 1827 525 1861 audeant
552 1826 682 1870 dicere,
710 1827 856 1862 beatam
885 1825 1000 1861 vitam
1029 1826 1066 1861 in
1093 1825 1300 1861 Phalaridis

121 1885 267 1914 taurum
287 1879 558 1914 descensuram.

175 1931 348 1968 XXVII.
381 1932 464 1967 Sint
493 1932 590 1967 enim
620 1931 689 1967 tria
716 1944 850 1980 genera
878 1931 1060 1968 bonorum
1089 1930 1149 1978 (ut
1172 1931 1250 1979 jam
1279 1944 1300 1967 a
1319 1939 1358 1969 76

121 1985 263 2032 laqueis
302 1984 522 2028 Stoicorum,
555 1984 692 2032 quibus
729 1998 838 2020 usum
875 1998 933 2020 me
971 1985 1153 2032 pluribuS,
1188 1996 1300 2032 quam

122 2038 234 2081 soleo,
254 2038 434 2085 intelligo,
455 2035 698 2085 recedamus),
720 2038 793 2074 sint
812 2051 898 2074 sane
927 2038 991 2073 illa
1018 2050 1152 2085 genera
1179 2037 1300 2072 bono-

121 2103 218 2134 rum,
242 2092 331 2126 dum
358 2091 518 2139 corporis
542 2097 578 2126 et
600 2098 756 2126 externa
768 2091 918 2139 jaceant
943 2091 1048 2126 humi
1073 2097 1110 2125 et
1136 2096 1298 2125 tantum-

122 2145 246 2186 modo,
268 2144 355 2192 quia
378 2144 557 2179 sumenda
576 2144 661 2187 sint,
683 2145 915 2192 appellentur
934 2144 1053 2186 bona3
1085 2143 1156 2178 alia
1174 2150 1301 2178 autem

122 2196 186 2232 illa
219 2197 345 2233 divina
375 2197 484 2244 longe
517 2197 666 2245 lateque
700 2210 737 2233 se
771 2198 935 2245 pandant
964 2196 1175 2243 caelumque
1212 2208 1301 2231 con-

123 2250 279 2298 tingant,
301 2258 355 2292 ut,
375 2263 417 2285 ea
437 2249 502 2297 qui
521 2250 676 2298 adeptus
696 2250 755 2293 sit,
777 2263 841 2286 cur
861 2263 945 2286 eum
964 2250 1116 2285 beatum
1135 2248 1245 2284 modo
1265 2256 1303 2285 et

124 2315 196 2338 non
214 2303 469 2339 beatissimum
489 2302 599 2338 etiarn
619 2303 775 2340 dixerim
794 2303 807 2339 2

176 2355 354 2392 Dolorem
389 2369 476 2392 vero
519 2355 664 2404 sapiens
704 2356 935 2392 extimescet.
1007 2355 1046 2391 Is
1081 2354 1180 2391 enim
1215 2353 1301 2390 huic
