1471 2585
139 189 179 218 50

141 616 177 645 51

139 1363 179 1392 52

140 2162 178 2190 53

196 79 246 115 80
514 88 718 114 TUSCULAN
750 87 1049 114 DISPUTATIONS.
1189 73 1381 126 [50—53.

251 184 364 221 XXI.
409 183 460 220 Et
495 190 701 232 queruntur
733 182 885 231 quidem
924 182 1111 232 Epicurei,
1146 182 1213 218 viri
1250 182 1382 232 optimi

197 240 301 282 (narn
354 237 501 273 nullum
556 249 674 285 genus
725 245 780 274 est
834 236 959 272 minus
1008 234 1268 284 malitiosum),
1321 249 1383 273 me

198 292 364 327 studiose
394 291 514 326 dicere
542 297 669 326 contra
700 290 918 339 Epicurum.
986 290 1055 334 Ita,
1091 290 1211 334 credo,
1239 291 1284 325 de
1313 289 1382 326 ho-

197 357 285 381 nore
309 351 373 381 aut
391 344 436 379 de
466 343 646 391 dignitate
671 344 944 380 contendimus.
1002 343 1098 379 Mihi
1126 355 1316 379 summum
1342 343 1382 379 in

197 398 322 433 animo
351 398 492 433 bonum
523 397 678 441 videtur,
708 397 763 433 illi
791 404 914 432 autem
945 396 978 432 in
1008 409 1184 444 corpore3
1222 396 1315 432 mihi
1342 396 1382 432 in

198 451 347 493 virtute,
380 450 435 486 illi
470 450 508 485 in
542 450 748 498 voluptate.
820 450 871 485 Et
896 450 951 485 illi
980 458 1148 498 pugnant
1173 456 1209 486 et
1229 450 1382 498 quidem

197 504 405 540 vicinorum
441 503 553 539 fidem
589 503 816 552 implorant3
862 503 972 538 multi
1012 510 1136 538 autem
1182 511 1282 546 sunt,
1317 503 1382 550 qui

198 557 321 593 statim
342 557 554 593 convolent.
612 557 694 605 Ego
715 569 797 592 sum
816 556 860 601 is,
882 556 947 604 qui
966 556 1085 592 dicam
1106 568 1163 591 me
1183 568 1258 592 non
1277 556 1382 592 labo-

198 623 288 654 rare,
317 618 440 646 actum
469 610 696 652 habiturum,
714 610 814 657 quod
843 610 995 658 egerint.
1055 609 1159 647 Quid
1179 609 1307 645 enim?
1337 610 1382 646 de

197 663 298 699 bello
318 664 461 700 Punico
480 663 631 711 agitur?
663 663 707 698 de
723 676 797 712 quo
817 663 897 711 ipso
910 675 1025 711 quum
1047 663 1149 699 aliud
1166 662 1381 707 M.Catoni‚

197 717 298 753 aliud
327 717 372 753 L.
396 717 558 752 Lentulo
588 717 786 759 videretur,
813 716 917 752 nulla
944 717 1040 752 inter
1069 729 1130 751 eos
1159 716 1382 752 concertatio

197 782 377 818 umquam
410 770 491 806 fuit.
565 768 618 805 Hi
654 770 764 805 nimis
798 769 976 805 iracunde
1011 776 1139 818 agunt,
1176 769 1383 817 praesertim

198 835 313 871 quum
331 825 376 860 ab
395 823 440 858 iis
460 835 532 858 non
553 835 640 859 sane
659 824 826 859 animosa
851 822 1070 859 defendatur
1098 823 1292 865 sententia,
1316 835 1382 871 pro

198 889 273 924 qua
292 889 365 912 non
385 877 425 912 in
444 883 586 919 senatu,
606 889 679 912 non
696 877 734 911 in
754 877 938 920 contione,
959 888 1035 911 non
1055 876 1155 924 apud
1175 875 1382 912 exercitum

196 941 319 978 neque
338 930 383 966 ad
403 943 572 966 censores
591 930 710 965 dicere
729 930 903 966 audeant.
962 929 1036 965 Sed
1055 941 1139 965 cum
1170 929 1250 964 istis
1278 928 1381 974 alias,

197 990 234 1018 et
254 996 297 1019 eo
317 984 465 1031 quidem
488 983 624 1025 animo,
645 982 792 1019 nullum
811 990 854 1018 ut
873 989 1057 1019 certamen
1082 982 1290 1026 instituam,
1317 995 1382 1019 ve-

196 1037 279 1072 rum'
309 1037 518 1073 dicentibus
546 1036 653 1072 facile
688 1037 829 1072 cedam.
895 1036 1060 1072 Tantum
1091 1036 1320 1072 admonebo:
1351 1037 1382 1072 si

196 1090 361 1126 maxime
380 1102 511 1126 verum
531 1090 591 1133 sit,
612 1090 658 1124 ad
688 1102 821 1137 corpus
850 1088 975 1124 omnia
1002 1089 1134 1124 referre
1163 1089 1380 1137 sapientem,

197 1143 287 1185 sive,
307 1150 351 1179 ut
369 1143 561 1178 honestius
576 1142 708 1186 dicam,
728 1142 820 1178 nihil
836 1142 965 1186 facere,
986 1142 1058 1178 nisi
1073 1142 1174 1190 quod
1192 1143 1380 1191 expediat,

196 1196 274 1232 sive
306 1196 429 1232 omnia
458 1197 588 1232 referre
625 1196 671 1231 ad
708 1196 909 1231 utilitatem
940 1208 1058 1239 suam,
1093 1195 1270 1243 quoniam
1299 1195 1382 1232 haec

195 1249 409 1297 plausibilia
427 1262 502 1285 non
523 1255 622 1293 sunt,
640 1255 683 1285 ut
702 1249 739 1284 in
769 1249 853 1285 sinu
881 1249 1079 1296 gaudeant,
1099 1249 1258 1296 gloriose
1276 1248 1382 1298 loqui

193 1303 379 1339 desinant.

249 1355 385 1392 XXII.
418 1355 706 1404 Cyrenaicorum
726 1360 841 1391 restat
869 1355 1064 1398 sententia,
1085 1355 1149 1402 qui
1170 1362 1250 1391 tum
1270 1355 1397 1406 aegri2

197 1409 365 1444 tudinem
387 1416 540 1445 censent
558 1408 750 1452 exsistere,
783 1408 812 1444 si
842 1408 1061 1455 necopinato
1083 1408 1173 1457 quid
1200 1409 1378 1447 evenerit.

197 1461 268 1498 Est
286 1462 323 1497 id
339 1462 489 1509 quidem
506 1474 696 1510 magnum,
717 1468 759 1497 ut
779 1474 890 1509 supra
909 1461 1011 1505 dixi3
1043 1461 1152 1497 etiam
1171 1461 1382 1511 Chrysippo

196 1515 249 1550 ita
268 1515 385 1551 videri
404 1515 492 1560 scio,
513 1515 613 1562 quod
631 1516 821 1562 provisum
841 1521 925 1550 ante
944 1527 1018 1550 non
1040 1515 1100 1559 sit,
1121 1515 1157 1551 id
1183 1515 1288 1552 ferire
1318 1529 1380 1552 ve-

196 1568 431 1612 hementius3
467 1569 530 1604 sed
557 1580 632 1603 non
663 1575 752 1604 sunt
779 1569 815 1604 in
846 1568 915 1603 hoc
945 1568 1080 1603 omnia.
1139 1568 1379 1617 Quamquam

196 1621 361 1657 hostium
398 1634 530 1669 repens
566 1622 749 1657 adventus
791 1621 910 1669 magis
949 1621 1141 1668 aliquanto
1184 1623 1382 1659 conturbat

197 1687 309 1722 quam
330 1682 580 1723 exspectatuS‚
602 1682 640 1710 et
666 1674 777 1710 maris
804 1675 925 1710 subita
944 1680 1143 1722 tempestas
1162 1687 1274 1721 quam
1294 1682 1380 1711 ante

195 1729 345 1775 provisa
365 1735 475 1764 terret
493 1728 710 1776 navigantes
730 1727 997 1771 vehementius,
1026 1736 1062 1763 et
1090 1728 1274 1776 ejusmodi
1293 1736 1381 1765 sunt

196 1781 386 1829 pleraque.
442 1782 514 1817 Sed
536 1794 655 1829 quum
676 1781 871 1829 diligenter
887 1781 1189 1828 necopinatorum
1209 1788 1379 1818 naturam

197 1835 416 1878 consideres,
438 1834 530 1870 nihil
550 1834 652 1870 aliud
671 1834 843 1882 reperias,
864 1834 935 1869 nisi
963 1834 1086 1870 omnia
1114 1834 1230 1870 videri
1256 1835 1381 1871 subita

196 1887 346 1936 majora,
384 1895 422 1923 et
453 1888 604 1934 quidem
638 1888 685 1923 ob
718 1888 811 1923 duas
844 1900 1017 1923 caussas:
1060 1887 1231 1935 primum,
1263 1888 1378 1936 quod,

196 1948 336 1988 quanta
367 1940 441 1976 sint
475 1953 560 1988 quae
597 1940 783 1984 accidunt,
822 1940 1077 1976 considerandi
1110 1941 1271 1988 spatium
1303 1953 1379 1977 non

196 1993 326 2031 datur:
357 1993 503 2036 deinde,
524 2005 640 2041 quum
661 1994 806 2029 videtur
825 1994 1025 2041 praecaveri
1046 1993 1222 2041 potuisse,
1244 1994 1274 2029 si
1293 2006 1378 2042 pro-

195 2046 318 2082 visum
338 2054 446 2088 esset,
462 2046 569 2094 quasi
584 2047 694 2094 culpa
713 2044 944 2083 contractum
962 2047 1103 2082 malum
1119 2046 1378 2095 aegtitudinem

196 2100 371 2136 acriorem
391 2100 490 2136 facit.

251 2153 363 2191 Quod
376 2153 427 2188 ita
442 2165 533 2195 esse,
550 2152 628 2188 dies
641 2152 814 2195 declarat,
834 2166 920 2200 quae
935 2152 1136 2201 procedens
1152 2152 1204 2188 ita
1218 2152 1377 2201 mitigat,

199 2212 239 2241 ut
256 2205 386 2241 iisdem
408 2206 514 2241 malis
532 2205 768 2241 manentibus
784 2218 859 2241 non
881 2207 990 2242 niodo
1007 2205 1165 2241 leniatur
1181 2205 1377 2254 aegritudo,

197 2258 260 2294 sed
280 2259 316 2293 in
340 2259 525 2307 plerisque
545 2259 708 2295 tollatur.
766 2258 1094 2307 Karthaginienses
1114 2258 1223 2294 multi
1243 2258 1378 2295 Romae

197 2311 414 2354 servierunt,
436 2311 661 2348 Macedones
679 2323 763 2360 rege
784 2312 896 2347 Perse
923 2319 1041 2360 capto.
1100 2311 1134 2347 V
1137 2311 1188 2347 idi
1210 2311 1319 2348 etiam
1340 2312 1378 2348 in

197 2364 468 2413 Peloponneso,
507 2377 624 2413 quum
661 2376 780 2401 essem
822 2365 1048 2409 adolescens,
1087 2364 1266 2413 quosdam
1304 2365 1378 2402 Co-
