1471 2585
151 210 191 239 26

209 100 258 139 72
527 111 734 136 TUSCULAN
763 110 1060 135 msrumrlons.
1198 96 1388 148 [26—28.

262 205 358 242 XII.
391 206 522 245 Qualis
543 206 641 241 enim
659 206 726 242 tibi
745 205 808 241 ille
828 206 974 241 videtur

295 273 428 304 Tantalo
444 276 631 314 prognatus,
646 273 764 313 Pelope
780 276 886 312 natus,
901 273 955 313 qui
969 273 1130 313 quondam
1147 276 1164 303 ά
1180 283 1276 303 socru

295 317 458 347 Oe‘nomao
472 327 549 357 rege
563 317 822 357 Hippodameam
836 317 939 356 raptis
954 321 1106 347 nanctust
1120 317 1243 357 nuptiis
1258 334 1301 338 —
1313 318 1325 348 3

210 378 313 415 Jovis
330 378 400 414 iste
420 378 570 426 quidem
589 391 785 427 pronepos.
842 378 984 414 Tamne
1003 390 1088 427 ergo
1106 378 1272 427 abiectus
1292 383 1388 414 tam-

210 443 283 480 que
302 431 436 468 fractus
452 432 466 468 ἲ

339 511 458 548 Nolite,
474 510 589 551 inquit,
604 510 759 550 hospites,
773 511 815 541 ad
830 520 882 540 me
898 510 989 540 adire
1007 512 1013 541 !
1037 510 1122 540 illico
1138 510 1226 540 istim
1245 512 1252 541 Ξ

340 553 389 584 Ne
406 555 553 594 contagio
570 564 642 584 mea
657 554 751 584 bonis
766 554 924 583 umbrave
941 553 1024 583 obsit
1039 563 1047 591 ;

339 614 378 618 -
394 600 485 627 tanta
501 598 551 626 vis
566 597 697 627 sceleris
714 598 747 627 in
763 605 896 636 corpore
912 596 1034 626 haeret.

212 664 272 701 Tu
293 671 340 708 te,
360 665 537 714 Thyesta,
557 666 750 702 damnabis
773 666 995 714 orbabisque
1024 665 1107 701 luce
1133 673 1283 714 propter
1309 665 1385 702 vim

211 719 357 755 sceleris
375 719 510 755 aiieni?

236 819 238 822 y
265 772 395 810 Quid?
416 772 522 808 illum
541 772 660 808 filium
682 773 780 809 Solis
798 784 922 809 nonne
941 773 1054 821 patris
1073 772 1191 821 ipsius
1218 772 1302 809 luce
1329 772 1388 808 in-

211 825 366 874 dignum
386 826 522 873 putas?

382 901 546 942 Reffigere
562 902 657 940 oculi,
671 904 789 942 corpus
804 902 907 932 macie
922 901 1080 941 extabuit,

382 944 552 975 Lacrimae
568 945 723 984 peredere
739 945 874 975 humore
890 948 1071 985 exsangues
1086 955 1184 986 genas
1201 955 1210 983 3

382 988 452 1018 Sitsi
469 988 590 1017 nidoris
606 989 707 1018 herba
723 989 853 1027 paedore
868 988 1000 1018 horrida
1015 992 1114 1027 atque

384 1031 518 1061 Intonsa
532 1032 672 1061 infuscat
688 1034 799 1072 pectus
814 1031 924 1061 illuvie
939 1031 1099 1061 scabrum.

214 1109 311 1146 Haee
330 1110 438 1154 mala,
461 1122 481 1145 o
502 1109 721 1146 stultissime
744 1109 866 1153 AEeta,
887 1110 965 1158 ipse
995 1110 1062 1146 tibi
1089 1109 1284 1155 addidisti3
1316 1122 1392 1147 non

210 1163 354 1199 inerant
373 1164 408 1198 in
429 1163 485 1207 iis,
503 1176 589 1211 quae
609 1163 675 1198 tibi
696 1175 802 1199 casus
822 1163 1038 1207 invexerat;
1061 1170 1098 1199 et
1117 1163 1266 1211 quidem
1286 1163 1391 1199 inve-

210 1223 327 1252 terato
358 1216 467 1261 malo,
489 1229 606 1265 quum
642 1223 766 1252 tumor
793 1217 907 1252 animi
938 1217 1133 1252 resedisset
1161 1217 1235 1264 (est
1265 1224 1392 1253 autem

210 1270 405 1317 aegritudo,
436 1280 479 1305 ut
511 1270 664 1314 docebo,
696 1270 734 1305 in
768 1270 940 1318 opinione
977 1269 1065 1305 mali
1096 1267 1294 1317 recentis);
1327 1270 1392 1306 sed

210 1335 343 1359 maeres
363 1322 535 1358 videlieet
559 1323 662 1371 regni
687 1322 879 1366 desiderio,
899 1335 973 1358 non
1001 1322 1102 1359 filiae.
1161 1323 1270 1358 Illam
1293 1323 1392 1359 enim

211 1376 352 1418 oderas,
374 1382 411 1411 et
423 1376 507 1424 jure
527 1375 703 1420 fortasse;
735 1388 847 1424 regno
865 1388 939 1411 non
960 1389 1068 1424 aequo
1088 1376 1211 1412 animo
1227 1377 1399 1413 carebas}

212 1428 282 1464 Est
300 1435 423 1464 autem
444 1429 640 1476 impudens
660 1428 785 1464 luctus
805 1441 958 1464 maerore
979 1442 1016 1464 se
1037 1429 1276 1473 conficientis,
1291 1430 1392 1477 quod

152 1486 192 1520 27
210 1482 389 1530 imperare
410 1495 483 1518 non
506 1482 612 1517 liceat
631 1482 768 1518 liberis.
817 1482 1023 1530 Dionysius
1043 1483 1195 1530 quidem
1210 1489 1392 1531 tyrannus

150 2338 189 2368 28

212 1535 407 1584 Syracusis
427 1535 609 1584 expulsus
631 1535 799 1571 Corinthi
829 1548 960 1583 pueros
989 1536 1168 1580 docebat3
1201 1548 1320 1584 usque
1348 1548 1391 1573 eo

209 1587 364 1636 imperio
384 1601 504 1624 carere
523 1601 598 1624 non
619 1595 774 1636 poterat.
831 1589 1033 1636 Tarquinio
1048 1601 1139 1638 ⁴vero
1159 1589 1250 1637 quid
1268 1590 1391 1637 impu-

211 1642 374 1684 dentius,
394 1642 458 1689 qui
477 1642 616 1678 bellum
637 1648 777 1690 gereret
793 1654 876 1678 cum
894 1642 952 1686 iis,
967 1642 1030 1690 qui
1044 1642 1124 1690 ejus
1140 1654 1215 1678 non
1230 1643 1393 1679 tulerant

211 1695 450 1743 superbiam?
509 1695 559 1739 Is,
598 1707 712 1743 quum
752 1695 896 1731 restitui
933 1695 969 1730 in
1009 1707 1161 1743 regnum
1199 1708 1268 1732 nec
1301 1695 1391 1732 Vei·

210 1749 353 1784 entium
382 1761 449 1783 nec
480 1748 698 1784 Latinorum
726 1748 835 1784 armis
863 1748 1058 1797 potuisset,
1090 1748 1228 1784 Cumas
1259 1755 1391 1785 contu·

210 1800 296 1837 lisse
317 1814 354 1837 se
374 1801 508 1837 dicitur
526 1802 639 1849 inque
669 1814 711 1837 ea
741 1802 828 1838 urbe
862 1802 964 1838 senio
996 1810 1032 1837 et
1064 1802 1284 1850 aegritudine
1312 1814 1392 1838 esse

211 1854 412 1890 confectus.

264 1907 382 1943 XIII.
417 1907 498 1942 Hoc
520 1914 560 1942 tu
580 1907 695 1955 igitur
713 1920 841 1944 censes
861 1907 1017 1956 sapienti
1033 1908 1195 1944 accidere
1215 1920 1333 1956 posse,
1348 1914 1392 1944 ut

211 1961 431 2009 aegritudine
468 1961 709 2008 opprimatur,
743 1961 780 1996 id
817 1967 873 1996 est
910 1961 1082 1997 miseria?
1139 1962 1236 1998 Nam
1275 1973 1392 2008 quum

211 2014 331 2050 omnis
351 2014 577 2062 perturbatio
598 2013 744 2049 miseria
763 2019 830 2057 est,
850 2020 931 2050 tum
960 2015 1172 2051 carnificina
1199 2021 1255 2050 est
1282 2014 1391 2062 aegri-

213 2068 316 2103 tudo.
377 2067 504 2103 Habet
521 2067 687 2102 ardorem
706 2067 833 2110 libido,
854 2067 1044 2103 levitatem
1063 2067 1195 2104 laetitia
1215 2067 1390 2115 gestiens,

210 2120 460 2156 humilitatem
503 2126 649 2163 metus3
693 2120 756 2155 sed
798 2121 981 2168 aegritudo
1025 2120 1162 2169 majora
1205 2120 1390 2167 quaedam‚

212 2174 348 2217 tabem,
387 2173 603 2217 cruciatum,
641 2173 930 2218 afflictationem,
970 2173 1198 2216 foeditatem;
1243 2172 1390 2218 lacerat,

212 2234 319 2262 exest
351 2227 514 2262 animum
546 2227 729 2275 planeque
761 2227 920 2262 conficit.
979 2227 1087 2262 Hanc
1118 2226 1188 2262 nisi
1217 2227 1392 2263 exuimus

213 2279 276 2323 sic,
298 2287 340 2314 ut
359 2279 587 2327 abjiciamus,
609 2279 755 2315 miseria
773 2292 892 2316 carere
912 2292 985 2315 non
1003 2291 1214 2328 possumus.

266 2333 393 2380 Atque
413 2332 481 2368 hoc
500 2333 649 2380 quidem
669 2332 907 2381 perspicuum
935 2339 1003 2377 est,
1023 2339 1103 2368 tum
1132 2332 1392 2382 aegritudinem
