1471 2585
85 92 276 144 30—32.]
446 105 548 130 BOOK
568 105 595 129 1.
616 104 733 129 CHAP.
759 94 818 137 14,
843 95 902 129 15.
1217 96 1260 130 11

87 212 186 248 saepe
220 198 476 240 movebantur,
508 197 628 244 iisque
660 197 824 232 maxime
853 196 1056 241 nocturnis,
1092 203 1132 233 ut
1163 198 1264 234 vide-

86 262 213 289 rentur
229 252 266 296 ii,
288 252 351 300 qui
372 252 446 287 vita
464 257 711 293 excesserant,
731 250 868 286 vivere.

142 306 196 342 Ut
215 318 321 354 porro
341 305 593 341 firmissimum
615 303 682 339 hoc
702 303 821 339 afferri
837 303 994 348 videtur,
1009 317 1073 339 cur
1085 304 1172 340 deos
1185 317 1264 340 esse

86 360 290 403 credamus,
313 360 411 407 quod
432 358 535 394 nulla
553 370 645 405 gens
665 364 739 392 tam
761 358 845 399 fera,
867 370 976 392 nemo
1002 357 1169 393 omnium
1190 364 1264 394 tam

42 444 52 445 e
87 413 134 448 sit
152 413 336 456 immanis,
355 412 460 460 cujus
479 418 640 447 mentem
660 423 733 446 non
754 410 930 446 imbuerit
949 411 1099 446 deorum
1116 411 1263 459 opinio:

84 466 248 502 —multi
277 467 322 501 de
351 466 420 501 diis
450 477 564 513 prava
596 464 763 500 sentiunt
792 463 847 511 (id
876 464 972 499 enim
1000 464 1135 500 vitioso
1166 477 1265 501 more

86 519 181 555 effici
201 518 323 566 solet),
345 531 472 554 omnes
492 526 616 554 tamen
636 530 715 552 esse
736 517 813 552 vim
839 524 876 552 et
904 524 1071 553 naturam
1101 518 1265 554 divinam

85 573 335 617 arbitrantur3
367 585 434 608 nec
457 571 596 607 veroid
616 570 814 606 collocutio
842 570 1034 606 hominurn
1065 568 1149 619 [aut
1176 584 1265 607 con-

86 625 236 675 sensus]
255 626 388 669 effecit‚
408 638 481 661 non
501 624 682 661 institutis
705 624 829 672 opinio
859 631 915 659 est
943 625 1170 669 confirmata,
1190 637 1266 661 non

84 679 257 728 legibus;
289 680 389 715 omni
409 686 534 715 autern
553 679 590 714 in
617 691 654 713 re
681 677 873 714 consensio
903 678 1068 713 omnium
1096 678 1265 726 gentium

85 732 149 768 lex
182 740 326 769 naturae
358 733 522 781 putanda
547 739 603 768 est
620 731 771 779 3———quis
802 738 857 766 est
886 731 1010 779 igitur,
1031 731 1094 779 qui
1115 744 1266 768 suorum

85 794 242 822 mortem
272 787 432 835 primum
461 799 536 822 non
557 798 599 821 eo
619 785 757 832 lugeat,
778 785 879 832 quod
909 797 971 820 eos
1000 786 1148 820 orbatos
1177 785 1265 821 vitae

85 841 287 876 commodis
316 839 539 876 arbitretur?
597 838 704 874 Tolle
732 837 827 874 hanc
856 838 1090 886 opinionem3
1123 838 1265 875 luctum

86 894 291 930 sustuleris.
350 893 470 929 Nemo
489 893 585 928 enim
606 898 735 928 maeret
755 904 822 927 suo
850 891 1109 936 incommod03
1141 892 1268 928 dolent

86 946 240 983 fortasse
260 955 297 983 et
316 954 515 995 anguntur,
538 946 601 982 sed
621 946 685 981 illa
712 945 881 993 lugubris
901 945 1118 981 lamentatio
1136 945 1266 982 fietus-

86 1013 159 1048 que
178 1013 337 1036 maerens
357 1014 405 1037 ex
426 1013 468 1036 eo
488 1006 555 1044 est,
577 1000 677 1047 quod
697 1011 794 1042 eum,
816 1011 927 1046 quem
949 998 1163 1043 dileximus,
1178 1000 1266 1036 vitae

85 1055 290 1090 commodis
320 1054 505 1102 privatum
537 1053 756 1089 arbitramur
787 1052 902 1100 idque
936 1052 1082 1088 sentire.
1140 1053 1268 1100 Atque

85 1105 166 1143 haec
199 1108 250 1143 ita
279 1108 458 1143 sentimus
488 1114 622 1142 natura
645 1107 751 1149 duee,
780 1106 884 1141 nulla
917 1105 1056 1141 ratione
1088 1093 1267 1155 nullaque

85 1160 264 1197 doctrina.

138 1214 250 1250 XIV.
272 1213 485 1249 Maximum
499 1226 585 1249 vero
601 1218 862 1260 argumentum
879 1218 945 1254 est,
960 1218 1129 1247 naturam
1148 1212 1266 1260 ipsam

84 1267 413 1303 deimmortalitate
424 1267 630 1302 animorum
641 1265 1268 1313 tacitamjudicare,quodomnibus

84 1333 184 1357 curae
205 1328 306 1365 sunt,
328 1327 364 1356 et
381 1320 558 1356 maximae
579 1319 742 1367 quidem,
759 1331 845 1366 quae
864 1324 948 1366 post
967 1325 1121 1354 mortem
1142 1320 1268 1355 futura

86 1374 173 1410 sint.
232 1374 331 1410 Serit
349 1373 509 1417 arbores,
530 1386 614 1422 quae
634 1372 744 1408 alteri
764 1371 883 1408 seculo
908 1373 1059 1420 prosint,
1082 1379 1123 1407 ut
1150 1373 1202 1408 ait
1229 1373 1267 1408 in

88 1427 336 1476 Synephebis,
357 1427 446 1475 quid
468 1436 650 1475 spectans,
671 1426 742 1461 nisi
762 1425 871 1461 etlam
893 1432 1039 1473 postera
1068 1426 1194 1461 secula.
1221 1427 1268 1462 ad

88 1493 126 1517 se
162 1481 371 1530 pertinere?
439 1480 539 1529 Ergo
584 1480 730 1515 arbores
769 1486 864 1514 seret
898 1478 1056 1527 diligens
1094 1479 1266 1528 agricola,

85 1547 241 1582 quarum
275 1534 454 1582 adspiciet
486 1536 611 1570 bacam
646 1533 724 1580 ipse
759 1545 961 1580 numquam
979 1546 986 1568 :
1022 1532 1077 1567 vir
1110 1545 1267 1581 magnus

85 1587 198 1637 leges,
231 1588 412 1630 instituta,
433 1600 508 1623 rem
541 1586 728 1635 publicam
760 1598 835 1621 non
865 1585 990 1621 seret?
1048 1586 1151 1624 Quid
1181 1599 1265 1634 pro-

86 1642 221 1678 creatio
239 1641 454 1684 liberorum,
470 1641 558 1688 quid
578 1639 795 1688 propagatio
815 1639 988 1681 nominis,
1003 1639 1092 1686 quid
1112 1640 1266 1687 adopta-

85 1694 204 1731 tiones
224 1695 397 1738 filiorum,
419 1695 508 1742 quid
527 1700 834 1729 testamentorum
855 1692 1058 1740 diligentia,
1080 1693 1169 1740 quid
1187 1693 1269 1741 ipsa

85 1748 338 1796 sepulcrorum
369 1754 622 1791 monumenta,
662 1746 752 1794 quid
785 1746 903 1792 elogia
941 1745 1161 1793 significant,
1195 1746 1267 1782 nisi

85 1813 153 1837 nos
172 1801 297 1837 futura
316 1801 425 1836 etiam
456 1799 640 1849 cogitare?
699 1799 800 1837 Quid
829 1798 953 1834 illud?
983 1811 1074 1833 num
1104 1799 1265 1844 dubitas,

86 1855 177 1902 quin
208 1855 395 1902 specimen
426 1861 571 1890 naturae
606 1853 687 1901 capi
717 1853 845 1888 deceat
874 1864 921 1887 ex
951 1852 1091 1900 optima
1118 1865 1266 1900 quaque

84 1915 218 1944 natura
235 1908 248 1943 ’ἶ
268 1921 353 1956 quae
375 1914 430 1942 est
448 1907 576 1943 melior
587 1905 749 1954 igiturin
763 1905 954 1940 hominum
974 1918 1106 1953 genere
1122 1912 1266 1949 natura,

87 1973 199 2009 quam
219 1974 359 2003 eorum,
381 1960 444 2007 qui
465 1973 503 1996 se
521 1968 627 1995 natos
650 1960 696 1994 ad
724 1958 893 1994 homines
917 1958 1118 2006 juvandos,
1139 1965 1266 1995 tutan-

86 2015 164 2058 dos,
186 2015 456 2050 conservandos
476 2014 699 2049 arbitrantur
715 2011 728 2047 ἲ
767 2012 872 2048 Abiit
887 2013 931 2047 ad
952 2012 1040 2047 deos
1057 2012 1242 2048 Hercules
1258 2026 1265 2048 :

86 2079 289 2115 numquam
314 2067 463 2109 abisset,
481 2067 563 2110 nisi,
591 2078 707 2113 quum
735 2065 831 2100 inter
857 2065 1026 2100 homines
1055 2072 1163 2109 esset,
1185 2077 1265 2101 eam

86 2120 156 2156 sibi
175 2121 272 2156 viam
293 2120 524 2156 munivisset.
581 2119 717 2155 Vetera
739 2118 819 2167 jam
836 2118 907 2154 ista
926 2125 962 2154 et
981 2118 1156 2166 religione
1185 2131 1265 2154 om-

84 2174 189 2209 nium
208 2181 430 2209 consecrata.

139 2227 226 2264 XV.
259 2227 361 2265 Quid
392 2227 428 2262 in
460 2226 529 2261 hac
558 2238 596 2261 re
614 2225 765 2273 publica
792 2230 847 2260 tot
875 2230 1071 2271 tantosque
1092 2224 1189 2260 viros
1218 2225 1264 2261 ob

85 2292 161 2315 rem
182 2280 369 2328 publicam
390 2279 602 2315 interfectos
622 2279 801 2327 cogitasse
821 2277 1064 2313 arbitramur?
1086 2277 1264 2313 iisdemne

86 2339 128 2369 ut
165 2333 304 2369 finibus
340 2345 475 2369 nomen
511 2344 633 2375 suum,
672 2331 808 2379 quibus
852 2330 940 2373 vita,
979 2331 1262 2367 terminaretur?

87 2385 208 2423 Nemo
240 2399 420 2435 umquam
451 2386 529 2422 sine
558 2397 690 2434 magna
720 2397 784 2432 spe
816 2383 1104 2420 immortalitatis
1132 2397 1170 2420 se
1198 2396 1262 2432 pro

1284 315 1322 343 30

1286 1222 1323 1251 31

1285 1810 1325 1838 32
