1471 2585
78 78 268 130 12—14.]
428 91 534 115 BOOK
553 91 612 116 111.
635 91 752 116 cunr.
775 80 891 120 5—7.
1206 82 1255 121 67

77 195 134 224 est
153 188 343 235 scripturn,
362 186 395 222 si
413 187 575 230 insanus,
590 186 666 229 sed,
688 198 721 221 SI
743 199 929 223 vaosvs
951 198 1072 223 ESCIT.
1120 186 1255 222 Stulti-

78 243 165 278 tiam
197 241 293 276 enim
327 247 562 283 censuerunt,
587 239 805 283 constantia,
837 240 874 276 id
901 246 956 275 est
986 241 1155 284 sanitate,
1190 253 1253 276 va-

59 291 233 337 cantem,
255 305 361 341 posse
395 299 519 328 tamen
550 292 645 328 tueri
676 292 966 329 mediocritatem
996 294 1198 329 officiorum
1220 300 1258 329 et

77 349 166 384 vitae
184 359 416 383 communem
439 347 579 382 cultum
600 353 711 393 atque
729 347 908 382 usitatum
924 362 932 391 3
957 347 1114 383 furorem
1132 354 1257 382 autem

52 420 62 422 ἡ
78 414 158 437 esse
177 400 244 436 rati
264 408 351 435 sunt
372 400 504 435 mentis
523 400 566 435 ad
589 399 712 435 omnia
732 400 949 436 caecitatem.
1009 400 1120 439 Quod
1140 413 1258 448 quum

77 453 198 503 majus
217 466 296 489 esse
317 453 486 489 videatur
505 465 617 500 quam
645 453 800 497 insania,
823 460 947 490 tamen
976 453 1159 502 ejusmodi
1188 460 1255 498 est,

79 514 120 543 ut
147 508 247 542 furor
274 506 311 542 in
343 506 545 554 sapientem
565 507 693 542 cadere
721 507 850 554 possit,
871 519 945 542 non
965 507 1081 555 possit
1098 507 1256 543 insania.

78 561 151 597 Sed
184 560 266 596 haec
295 560 366 596 alia
399 559 558 608 quaestio
590 566 669 605 est3
700 572 768 596 nos
798 560 845 595 ad
873 561 1102 609 propositum
1135 573 1258 596 rever-

77 621 212 650 tamur.

130 667 202 704 VI.
234 667 385 710 Cadere,
417 666 559 714 opinor,
593 666 632 702 in
666 666 868 715 sapientem
900 666 1161 715 aegritudinem
1191 667 1315 703 tibi12

79 720 207 756 dixisti
225 720 354 756 videri.
402 719 452 756 A.
474 720 525 755 Et
543 732 630 755 vero
644 720 696 755 ita
715 719 903 756 existimo.
951 719 1011 756 M.
1036 720 1258 756 Humanum

77 774 115 810 id
147 774 310 822 quidem,
332 774 432 822 quod
461 773 512 809 ita
541 773 747 810 existimas.
806 773 892 809 Non
925 773 1022 809 enim
1053 774 1154 809 silice
1181 774 1259 809 nati

79 840 219 870 sumus,
240 828 304 863 sed
329 833 386 862 est
408 834 540 862 natura
570 827 643 863 fere
668 827 706 862 in
729 826 860 862 animis
889 834 1055 863 tenerum
1080 827 1259 875 quiddam

79 887 190 929 atque
222 880 346 924 molle,
377 881 478 928 quod
511 880 744 928 aegritudine,
775 880 880 927 quasi
903 887 1134 928 tempestate,
1164 893 1258 929 qua-

79 935 204 970 tiatur.
262 934 340 970 Nec
361 934 518 970 absurde
542 934 700 970 Crantor
728 934 801 976 ille,
824 934 891 981 qui
910 934 947 969 in
968 940 1093 969 nostra
1113 934 1259 970 Acade-

79 988 155 1024 mia
167 987 225 1023 vel
239 988 276 1023 in
290 987 417 1035 primis
430 987 499 1023 fuit
516 987 675 1024 nobilis:
707 989 729 1006 ‘⁶
747 987 916 1031 Minime,
930 987 1063 1035 inquit,
1080 987 1261 1023 assentior

79 1041 137 1085 iis,
170 1041 235 1088 qui
264 1041 373 1076 istam
401 1041 525 1076 nescio
554 1053 668 1088 quam
703 1040 944 1076 indolentiam
980 1053 1114 1087 magno
1151 1054 1260 1088 opere

79 1094 246 1138 laudant,
260 1106 346 1141 quae
363 1107 430 1129 nec
450 1101 572 1141 potest
591 1094 667 1129 ulla
683 1106 761 1129 esse
774 1106 841 1129 nec
857 1095 978 1130 debet.
1019 1094 1075 1130 Ne
1096 1101 1260 1142 aegrotus

82 1148 176 1189 sim;
209 1147 277 1191 sin,
308 1147 442 1194 inquit,
476 1147 542 1194 qui
571 1146 700 1191 fuerat,
723 1159 853 1182 sensus
882 1147 989 1190 adsit,
1017 1147 1094 1183 sive
1118 1155 1262 1183 secetur

82 1200 174 1249 quid
195 1200 272 1236 sive
301 1200 484 1236 avellatur
506 1213 526 1235 a
546 1213 709 1247 corpore.
766 1200 863 1235 Nam
892 1200 988 1235 istuc
1017 1200 1108 1236 nihil
1138 1201 1260 1236 dolere

80 1266 155 1290 non
175 1254 252 1290 sine
273 1266 407 1302 magna
426 1254 591 1289 mercede
611 1252 792 1302 contingit
806 1253 1046 1288 immanitatis
1065 1254 1102 1289 in
1123 1254 1258 1298 animo,

82 1307 243 1356 stuporis
262 1306 299 1342 in
320 1306 641 1354 corpore.”—Sed
660 1307 865 1348 videamus,
885 1319 931 1342 ne
959 1307 1039 1342 baec
1068 1308 1183 1346 oratio
1213 1307 1261 1343 sit
1281 1316 1318 1345 13

80 1360 274 1397 hominum
311 1360 579 1396 assentantium
618 1366 755 1396 nostrae
787 1359 1032 1396 imbecillitati
1067 1368 1103 1396 et
1135 1360 1260 1396 indul-

81 1414 246 1463 gentium
279 1413 533 1457 mollitudini3
563 1426 631 1449 nos
654 1419 777 1449 autem
804 1414 1006 1449 audeamus
1035 1426 1108 1449 non
1140 1414 1261 1449 solum

82 1480 203 1503 ramos
232 1473 422 1515 amputare
448 1466 690 1509 miseriarum,
711 1467 774 1502 sed
799 1479 927 1502 omnes
957 1467 1123 1502 radicum
1150 1467 1262 1503 fibras

83 1521 252 1557 evellere.
309 1521 451 1556 Tamen
471 1520 612 1568 aliquid
641 1520 869 1567 relinquetur
887 1520 1065 1564 fortasse3
1096 1520 1148 1556 ita
1176 1526 1263 1556 sunt

83 1574 170 1610 altae
204 1574 333 1622 stirpes
364 1573 556 1618 stultitiae3
589 1574 653 1609 sed
680 1573 910 1620 relinquetur
938 1573 973 1608 id
1006 1574 1140 1616 solum,
1161 1574 1263 1621 quod

83 1628 151 1663 erit
169 1627 428 1663 necessarium.
487 1626 588 1662 Illud
607 1626 759 1674 quidem
780 1627 829 1662 sic
848 1626 995 1670 habeto,
1015 1627 1087 1662 nisi
1112 1633 1263 1662 sanatus

83 1681 229 1716 animus
250 1680 307 1724 sit,
328 1680 428 1727 quod
449 1679 526 1715 sine
546 1679 781 1728 philosophia
798 1680 877 1715 fieri
896 1692 971 1715 non
989 1687 1122 1727 potest,
1150 1680 1262 1716 finem

83 1733 312 1770 miseriarum
344 1733 489 1769 nullum
515 1732 605 1770 fore.
663 1733 930 1776 Quamobrem,
949 1733 1124 1780 quoniam
1147 1733 1262 1781 coepi-

83 1799 179 1829 mus,
198 1787 387 1822 tradamus
406 1799 473 1821 nos
494 1786 527 1821 ei
546 1787 748 1822 curandos:
779 1785 1001 1828 sanabimur,
1023 1786 1053 1822 si
1078 1786 1262 1822 volemus.

85 1840 137 1876 Et
155 1839 366 1888 progrediar
386 1839 537 1886 quidem
556 1839 728 1887 longius:
757 1839 949 1874 nonenim
970 1840 1014 1874 de
1042 1839 1263 1887 aegritudine

85 1893 219 1937 solum,
235 1904 460 1940 quamquam
476 1892 512 1927 id
529 1893 678 1940 quidem
694 1891 868 1940 primum,
885 1893 948 1928 sed
961 1893 1005 1928 de
1020 1893 1120 1928 omni
1137 1893 1263 1937 animi,

84 1954 129 1983 ut
153 1959 221 1994 ego
250 1946 368 1994 posui,
398 1946 670 1993 perturbatione
699 1945 858 1991 (morbo,
889 1953 930 1981 ut
961 1946 1083 1982 Graeci
1114 1944 1266 1994 volunt)

86 1999 293 2048 explicabo.
342 1999 393 2034 Et
412 1998 541 2046 primo,
559 1999 589 2034 si
608 2000 739 2047 placet,
761 1999 971 2034 Stoicorum
985 2012 1086 2035 more
1098 2011 1264 2047 agamus,

87 2054 152 2101 qui
171 2053 330 2088 breviter
348 2051 573 2099 adstringere
587 2052 707 2088 solent
725 2059 963 2100 argumenta3
987 2052 1120 2088 deinde
1139 2059 1265 2088 nostro

84 2106 256 2142 instituto
277 2104 505 2153 vagabimur.

139 2159 234 2196 VII.
266 2159 341 2197 Qui
361 2158 463 2193 fortis
481 2163 548 2199 est,
568 2157 665 2193 idem
694 2164 749 2194 est
777 2159 895 2195 fidens
912 2158 1156 2205 ;—quoniam
1181 2171 1264 2194 eon·
1285 2168 1324 2198 14·

78 2213 203 2261 fidens
240 2212 337 2248 mala
373 2210 640 2247 consuetudine
676 2211 853 2259 loquendi
890 2211 928 2246 in
971 2211 1062 2246 vitio
1101 2211 1264 2260 ponitur,

87 2266 241 2301 ductum
272 2265 427 2300 verbum
461 2276 482 2299 a
513 2264 735 2312 confide-ndo,
771 2264 870 2312 quod
904 2264 1024 2300 laudis
1060 2265 1266 2304 est.-Qui

87 2326 213 2354 autem
244 2324 300 2354 est
324 2318 456 2361 fidens,
477 2316 508 2352 is
534 2317 696 2364 profecto
724 2331 799 2354 non
819 2316 1052 2354 extimescit:
1083 2318 1267 2365 discrepat

88 2372 186 2408 enim
206 2385 227 2408 a
245 2371 409 2408 timendo
428 2370 624 2406 confidere.
681 2371 809 2419 Atque
832 2370 871 2406 in
895 2383 1009 2418 quem
1032 2372 1128 2407 cadit
1156 2371 1264 2419 aegri-
