1471 2585
112 88 302 141 13—15.]
478 104 580 128 BOOK
611 105 647 128 v.
669 104 785 128 enar.
809 95 924 130 4—6.
1217 94 1286 128 123

109 211 171 235 mo
197 199 244 235 ad
270 199 362 234 bene
390 198 591 234 vivendum
619 197 755 233 satisne
779 204 835 234 est
863 199 1027 247 praesidii
1054 199 1091 235 in
1118 198 1287 235 virtute?

56 297 60 300 μ
110 252 161 289 Α.
193 252 300 288 Certe
326 251 427 287 satis.
484 250 544 287 M.
578 251 688 286 Potes
716 251 830 299 igitur
854 260 931 297 aut,
957 253 1021 300 qui
1050 253 1144 288 male
1173 252 1287 295 vivat,

110 317 184 341 non
214 317 299 341 eum
328 304 501 340 miserum
529 305 660 347 dicere,
682 312 747 340 aut
766 318 876 353 quem
903 307 997 342 bene
1024 306 1173 349 fateare,
1203 317 1289 341 eum

110 371 244 407 negare
269 359 374 394 beate
398 358 548 394 vivere?
606 357 655 394 A.
688 358 830 396 Quidni
860 359 1025 406 possim?
1065 371 1150 394 nam
1177 359 1289 394 etiam

110 411 149 447 in
177 411 370 448 tormentis
398 419 507 454 recte,
533 411 699 454 honeste,
724 411 959 449 laudabiliter
981 419 1018 448 et
1044 413 1092 447 ob
1111 424 1191 447 eam
1212 423 1289 447 rem

111 465 205 501 bene
224 465 300 500 vivi
327 472 459 512 potest,
486 465 688 500 dummodo
713 464 912 512 intelligas,
934 466 1022 513 quid
1050 478 1150 501 nunc
1170 465 1289 501 dicam

111 518 219 554 bene.
275 518 370 554 Dico
401 518 499 554 enim
531 524 752 560 constanter,
786 518 956 566 graviter,
992 519 1185 567 sapienter,
1215 518 1288 553 for-

112 571 210 607 titer.
276 571 374 607 Haec
410 571 523 607 etiam
551 571 588 606 in
617 571 787 607 eculeum
818 571 1077 619 conjiciuntur,
1109 584 1184 619 quo
1213 571 1290 607 vita

112 636 187 660 non
220 625 382 672 adspirat
413 626 532 660 beata.
600 623 660 660 M.
699 624 801 663 Quid
838 625 980 672 igitur?
1022 626 1145 661 solane
1183 626 1290 660 beata

112 676 201 720 vita,
218 691 360 726 quaeso,
381 678 602 725 relinquitur
626 685 733 713 extra
752 677 889 713 ostium
908 678 1098 726 limenque
1124 678 1288 721 carceris,

113 742 231 778 quum
252 731 469 774 constantia,
498 731 671 779 gravitas,
699 731 891 774 fortitudo,
916 731 1096 779 sapientia
1116 731 1289 778 reliquae-

114 796 186 831 que
205 785 362 820 virtutes
388 785 578 832 rapiantur
607 785 652 820 ad
679 792 852 820 tortorem
879 785 1102 832 nullumque
1121 792 1291 820 recusent

113 848 181 873 nec
207 838 433 886 supplicium
462 850 529 874 nec
556 837 748 873 dolorem?
804 837 855 874 A.
884 838 955 881 Tu,
984 838 1013 873 si
1039 838 1129 885 quid
1158 850 1196 872 es
1215 837 1290 873 fac-

114 896 233 934 turus,
254 903 352 927 nova
371 891 494 939 aliqua
512 891 706 938 conquiras
732 897 889 939 oportet.
948 891 1027 927 Ista
1052 903 1111 926 me
1139 891 1291 926 minime

113 951 279 989 movent,
313 957 387 980 non
424 945 545 980 solum
577 944 664 992 quia
699 944 918 993 pervulgata
947 952 1045 986 sunt,
1081 945 1144 979 sed
1173 944 1292 980 multo

114 997 245 1046 magis,
266 998 366 1045 quia,
395 1004 584 1046 tamquam
614 997 709 1033 levia
733 998 907 1045 quaedam
937 998 1021 1033 vina
1048 997 1142 1032 nihil
1167 997 1294 1033 valent

116 1050 155 1086 in
174 1063 284 1098 aqua,
305 1051 356 1087 sic
383 1051 591 1086 Stoicorum
622 1050 691 1086 ista
720 1051 837 1099 magis
864 1057 1010 1099 gustata
1029 1063 1142 1098 quam
1166 1057 1294 1098 potata

116 1103 313 1139 delectant.
369 1103 487 1140 Velut
506 1104 573 1139 iste
600 1103 732 1139 chorus
751 1104 933 1139 virtutum
955 1104 992 1139 in
1022 1104 1192 1140 eculeum
1222 1103 1293 1139 im-

116 1156 260 1204 positus
277 1157 459 1205 imagines
479 1156 671 1192 constituit
690 1163 775 1192 ante
800 1157 930 1193 oculos
956 1169 1040 1192 cum
1067 1156 1295 1204 amplissima

116 1209 308 1258 dignitate,
328 1217 371 1246 ut
390 1211 436 1246 ad
456 1222 516 1246 eas
542 1210 678 1245 cursim
699 1216 905 1257 perrectura
923 1222 991 1245 nec
1011 1222 1072 1245 eas
1092 1210 1200 1245 beata
1222 1209 1295 1245 vita

116 1275 138 1298 a
157 1276 195 1299 se
215 1264 376 1299 desertas
396 1275 548 1312 passura
575 1263 756 1299 videatur.
815 1263 946 1301 Quum
974 1270 1098 1298 autem
1129 1263 1293 1297 animum

116 1317 163 1352 ab
190 1316 262 1352 ista
290 1317 434 1365 pictura
459 1316 758 1364 imaginibusque
785 1316 967 1351 virtutum
992 1316 1037 1351 ad
1064 1328 1139 1351 rem
1161 1315 1294 1351 verita-

116 1376 267 1418 temque
287 1369 507 1413 traduxeris,
527 1370 597 1405 hoc
618 1370 758 1404 nudum
775 1369 1011 1417 relinquitur,
1033 1369 1196 1417 possitne
1213 1368 1296 1416 quis

117 1422 249 1459 beatus
278 1436 370 1466 esse,
392 1435 502 1471 quam
524 1423 584 1458 diu
608 1429 834 1470 torqueatur.
893 1422 1017 1461 Quam
1043 1422 1090 1457 ob
1122 1434 1196 1457 rem
1227 1422 1296 1457 hoc

117 1488 220 1512 nunc
250 1488 485 1524 quaeramus;
528 1477 683 1511 virtutes
714 1482 850 1519 autem,
880 1475 957 1510 noli
991 1475 1117 1515 vereri,
1151 1487 1198 1510 ne
1227 1487 1296 1510 ex-

118 1530 311 1577 postulent
329 1537 365 1565 et
385 1535 587 1577 querantur
609 1541 647 1564 se
675 1542 697 1564 a
724 1529 832 1564 beata
855 1528 930 1564 vita
955 1541 1036 1564 esse
1062 1528 1234 1571 relictas3
1267 1527 1298 1563 si

119 1583 216 1618 enim
246 1583 350 1619 nulla
378 1583 494 1618 virtus
527 1582 724 1630 prudentia
749 1588 866 1626 vacat,
898 1581 1094 1629 prudentia
1121 1581 1201 1629 ipsa
1228 1580 1297 1616 hoc

119 1635 231 1679 videt,
249 1648 323 1671 non
343 1648 472 1671 omnes
491 1636 607 1671 bonos
631 1648 710 1670 esse
737 1635 848 1671 etiam
871 1635 1011 1678 beatos,
1038 1634 1232 1681 multaque
1253 1633 1297 1669 de

119 1687 176 1725 M.
194 1689 324 1733 Atilio,
347 1689 396 1728 Q.
417 1689 607 1735 Caepione,
628 1688 696 1724 Μ’.
718 1687 870 1735 Aquilio
890 1687 1112 1730 recordatur,
1131 1687 1297 1722 beatam-

120 1754 194 1789 que
222 1742 335 1778 vitam
363 1741 412 1790 (si
440 1741 664 1790 imaginibus
693 1742 816 1789 potius
844 1741 899 1776 uti
928 1752 1038 1787 quam
1069 1740 1180 1775 rebus
1208 1739 1299 1787 ipsis

120 1793 259 1842 placet)
279 1803 473 1831 conantem
496 1796 546 1830 ire
572 1795 610 1830 in
638 1795 805 1830 eculeum
835 1793 968 1829 retinet
995 1793 1076 1841 ipsa
1103 1792 1300 1841 prudentia

120 1855 306 1896 negatque
325 1849 358 1884 ei
379 1860 462 1884 cum
481 1848 605 1883 dolore
625 1854 662 1882 et
680 1847 843 1883 cruciatu
862 1846 1061 1894 quicquam
1091 1858 1171 1882 esse
1197 1858 1298 1882 cotn-

118 1913 246 1938 mune.

175 1955 246 1991 VI.
279 1953 339 1991 M.
375 1954 499 1990 Facile
529 1953 650 2001 patior
678 1959 713 1988 te
745 1952 814 1988 isto
843 1953 953 1988 modo
982 1965 1100 2000 agere,
1131 1952 1200 1987 etsi
1228 1951 1297 1987 ini-

121 2021 237 2057 quum
267 2015 323 2044 est
347 2007 584 2056 praescribere
606 2006 697 2041 mihi
725 2015 772 2047 te,
802 2017 912 2053 quem
939 2006 983 2040 ad
1013 2006 1164 2040 modum
1193 2017 1212 2039 a
1240 2017 1299 2039 me

121 2062 301 2110 disputari
322 2061 426 2096 velis.
485 2060 558 2095 Sed
578 2071 719 2106 quaero,
736 2068 862 2094 utrum
883 2058 1022 2106 aliquid
1044 2065 1166 2093 actum
1187 2070 1299 2105 supe-

120 2115 277 2151 rioribus
307 2115 438 2150 diebus
469 2125 514 2148 an
547 2112 639 2148 nihil
666 2112 914 2148 arbitremur?
971 2112 1020 2148 A.
1053 2111 1192 2146 Actum
1214 2123 1300 2146 vero

122 2175 160 2204 et
178 2168 410 2216 aliquantum
432 2166 595 2214 quidem.
653 2164 713 2201 M.
742 2165 861 2212 Atqui
882 2165 912 2200 si
936 2165 988 2200 ita
1013 2171 1079 2206 est,
1106 2163 1302 2212 profligata

119 2220 196 2269 jam
216 2221 298 2257 haec
322 2229 359 2256 et
383 2232 491 2268 paene
517 2219 562 2254 ad
587 2219 732 2254 exitum
761 2219 920 2254 adducta
939 2217 1097 2264 quaestio
1123 2223 1190 2252 est.
1247 2215 1298 2252 A.

125 2274 212 2313 Quo
232 2274 383 2310 tandem
402 2272 542 2309 modo?
600 2270 660 2307 M.
691 2271 792 2310 Quia
811 2279 934 2306 motus
955 2269 1160 2305 turbulenti
1182 2269 1300 2317 jacta—

124 2327 317 2375 tionesque
352 2327 560 2361 animorum
591 2324 754 2360 incitatae
787 2331 824 2360 et
859 2324 1002 2371 impetu
1031 2323 1300 2358 inconsiderato

124 2379 243 2425 elatae,
270 2380 448 2416 rationem
476 2390 624 2414 omnem
650 2377 883 2425 repellentes,
903 2376 992 2412 vitae
1015 2376 1134 2412 beatae
1159 2375 1301 2411 nullam

667 2442 697 2466 M
716 2432 738 2466 2

1327 1268 1363 1296 14

1330 1959 1367 1988 15
