1471 2585
199 117 271 151 102
513 127 718 151 'ruchLAN
748 126 1044 152 msrurA'rxons.
1186 111 1375 163 [33—35.

140 229 178 257 :33
252 221 394 264 Habes,
427 234 480 263 ea,
509 234 595 270 quae
625 221 670 257 de
700 221 1042 269 perturbationibus
1075 220 1266 257 enucleate
1302 219 1378 256 dis-

197 281 332 324 putant
365 274 492 314 Stoici,
527 287 614 322 quae
646 275 766 323 logica
796 274 996 323 appellant,
1028 275 1115 322 quia
1148 274 1380 309 disseruntur

198 328 386 364 subtilius.
444 328 505 362 Ex
526 329 663 375 quibus
682 328 856 375 quoniam
877 334 1067 376 tamquam
1086 340 1134 363 ex
1155 326 1380 374 scrupulosis

199 383 344 418 cotibus
374 381 586 428 enavigavit
605 381 733 424 oratio,
759 381 915 429 reliquae
941 380 1202 429 disputationis
1231 392 1380 416 cursum

202 443 404 476 tenea1nuS‚
427 434 535 470 modo
556 435 643 470 satis
663 435 727 470 illa
746 435 905 470 dilucide
931 434 1135 469 dixerimus
1165 446 1229 481 pro
1258 445 1380 469 rerum

200 488 438 524 obscuritate.
496 486 546 523 A.
580 488 735 523 Prorsus
761 487 874 531 satis3
908 487 971 522 sed
995 488 1025 523 si
1051 500 1136 534 quae
1166 486 1381 534 diligentius

201 547 311 577 erunt
339 541 604 588 cognoscenda,
640 553 852 589 quaeremus
882 540 1000 584 alias3
1042 553 1141 576 nunc
1170 540 1264 583 vela,
1294 552 1380 588 quae

202 594 312 630 modo
331 594 492 636 dicebas,
513 603 775 643 exspectamus
796 602 832 630 et
846 606 1008 629 cursum.

145 654 184 682 :34
255 647 342 683 XV.
374 646 432 683 Μ.
466 648 640 691 Quando,
661 654 703 683 ut
722 647 803 682 aliis
823 647 911 682 locis
931 647 976 682 de
997 647 1131 682 virtute
1155 652 1191 682 et
1216 645 1382 682 diximus

202 707 239 736 et
258 713 358 749 saepe
376 701 574 736 dicendum
594 701 662 736 erit
681 699 889 748 (pleraeque
908 701 1006 736 enim
1028 700 1271 748 quaestione-S,
1292 711 1379 746 quae

201 754 248 790 ad
268 755 381 789 vitam
402 766 596 801 moresque
618 754 814 802 pertinent,
836 766 856 789 a
875 754 1024 789 virtutis
1043 754 1144 789 fonte
1165 750 1380 801 ducuntur),

202 807 352 855 quando
371 807 484 855 igitur
504 807 621 843 virtus
647 814 702 843 est
731 807 878 842 affectio
904 807 1017 842 animi
1043 813 1216 842 constans
1245 817 1382 841 conve-

201 861 394 908 niensque,
421 860 627 896 laudabiles
652 860 813 896 efficiens
839 873 914 903 eos,
941 860 978 895 in
998 860 1135 908 quibus
1162 866 1228 902 est,
1248 865 1284 894 et
1303 858 1384 906 ipsa

204 926 267 961 per
286 927 336 956 se,
364 926 430 949 sua
455 921 598 960 sponte,
627 920 793 961 separata
820 913 930 948 etiam
958 913 1130 956 utilitate,
1161 911 1381 948 laudabilis:

202 979 251 1002 ex
278 979 320 1002 ea
350 967 634 1014 proficiscuntur
659 967 826 1003 honestae
848 966 1070 1010 voluntates,
1092 965 1299 1008 sententiae,
1324 977 1384 1000 ac-

203 1019 321 1056 tiones
341 1020 535 1068 omnisque
556 1027 655 1055 recta
673 1020 765 1055 ratio
783 1034 791 1064 ;
823 1031 1048 1067 quamquam
1069 1020 1149 1066 ipsa
1167 1018 1283 1054 virtus
1301 1018 1384 1054 bre-

203 1073 352 1108 vissime
381 1082 479 1108 recta
512 1073 602 1108 ratio
636 1073 707 1109 dici
739 1080 871 1120 potest.
937 1072 1064 1120 Hujus
1093 1072 1206 1119 igitur
1238 1070 1385 1106 virtutis

202 1127 384 1162 contraria
411 1134 468 1162 est
494 1126 674 1162 vitiositas
705 1123 775 1173 (sic
808 1126 906 1161 enirn
935 1126 1034 1161 malo
1064 1138 1175 1173 quam
1205 1124 1385 1160 malitiam

202 1179 388 1226 appellare
408 1192 501 1222 eam,
523 1192 635 1227 quam
656 1179 779 1215 Graeci
800 1181 930 1215 κακίαν
949 1179 1164 1226 appellant3
1196 1190 1280 1212 nam
1306 1189 1382 1216 ma-

201 1233 282 1268 litia
302 1233 388 1268 certi
410 1232 604 1281 cujusdam
625 1233 705 1268 vitii
724 1245 861 1268 nomen
881 1238 948 1275 est,
972 1232 1151 1268 vitiositas
1171 1228 1381 1278 omnium);

203 1298 252 1321 ex
272 1298 346 1333 qua
366 1287 598 1321 concitantur
617 1285 925 1333 perturbationes,
947 1297 1033 1332 quae
1062 1291 1160 1326 sunt,
1188 1292 1231 1319 ut
1258 1283 1384 1331 paullo

201 1346 287 1375 ante
325 1339 504 1382 diximus,
543 1338 680 1374 turbidi
717 1338 925 1373 animorum
963 1338 1211 1384 concitatique
1248 1343 1384 1380 motus,

202 1392 321 1427 aversi
352 1404 372 1427 a
406 1392 546 1427 ratione
579 1398 616 1427 et
646 1391 890 1427 inimicissimi
921 1391 1055 1426 mentis
1086 1390 1252 1438 vitaeque
1283 1397 1394 1426 tran«

202 1445 344 1492 quillae.
395 1444 603 1492 Important
622 1445 719 1480 enim
740 1444 981 1492 aegritudines
1000 1444 1131 1480 anxias
1149 1451 1262 1491 atque
1282 1454 1382 1479 acer-

202 1498 268 1533 bas
298 1498 513 1544 animosque
542 1496 716 1545 affligunt
745 1505 782 1533 et
808 1497 1005 1533 debilitant
1027 1505 1152 1541 metu3
1183 1497 1294 1532 iidem
1323 1496 1384 1532 in-

202 1550 396 1586 flammant
411 1550 638 1598 appetitione
653 1551 778 1593 nimia,
796 1563 907 1598 quam
930 1559 1008 1586 tum
1029 1550 1282 1598 cupiditatem,
1304 1557 1386 1585 tum

202 1603 395 1640 libidinem
420 1604 591 1646 dicimus,
618 1604 874 1652 impotentiam
896 1604 1082 1652 quandam
1110 1603 1224 1639 animi
1249 1615 1271 1638 a
1291 1609 1385 1638 tem-

146 1669 185 1697 35
203 1658 369 1705 perantia
397 1664 433 1692 et
462 1657 714 1692 moderatione
746 1657 945 1705 plurimum
973 1657 1227 1692 dissidentem.
1285 1655 1385 1694 Quae

204 1711 233 1746 si
253 1711 403 1758 quando
423 1711 557 1758 adepta
576 1710 643 1746 erit
662 1710 711 1753 id,
728 1711 828 1757 quod
849 1710 881 1745 ei
902 1710 1012 1746 suerit
1031 1709 1284 1757 concupitum,
1306 1716 1385 1745 tum

203 1764 353 1800 effertur
371 1764 570 1807 alacritate,
591 1770 635 1799 ut
659 1763 750 1799 nihil
772 1763 805 1799 ei
825 1770 980 1806 constet,
1002 1763 1093 1811 quid
1112 1770 1220 1811 agat;
1250 1768 1292 1798 ut
1310 1762 1384 1806 ille,

203 1817 269 1864 qui
301 1817 514 1865 voluptatem
551 1817 664 1853 animi
712 1818 856 1852 nimiam
902 1829 1067 1852 summum
1107 1829 1182 1852 esse
1228 1827 1385 1851 errorem

203 1870 412 1906 arbitratur.
458 1870 598 1905 Eorum
618 1869 731 1917 igitur
750 1869 931 1905 malorum
953 1870 990 1905 in
1012 1882 1088 1905 una
1108 1870 1243 1905 virtute
1262 1868 1385 1916 posita

203 1923 346 1958 sanatio
366 1929 434 1958 est.

256 1975 366 2012 XVI.
399 1975 500 2014 Quid
521 1982 644 2011 antem
662 1981 718 2011 est
734 1988 808 2011 non
826 1975 997 2011 miserius
1015 1975 1146 2016 solum,
1164 1974 1228 2010 sed
1249 1973 1385 2010 foedius

203 2029 314 2065 etiam
334 2035 370 2065 et
396 2028 608 2070 deformius,
630 2041 755 2076 qnam-
773 2029 994 2076 aegritudine
1014 2028 1096 2076 quis
1123 2025 1299 2070 afflictus,
1320 2027 1385 2067 de-

204 2082 381 2125 bilitatus,
408 2081 563 2130 jacens?
623 2082 695 2117 Cui
732 2082 890 2117 miseriae
925 2081 1119 2129 proximus
1156 2087 1212 2115 est
1244 2080 1286 2122 is,
1320 2079 1385 2127 qui

195 2136 505 2184 ,appropinquans
542 2134 693 2182 aliquod
731 2135 870 2170 malum
905 2135 1039 2170 metuit
1075 2134 1384 2180 exanimatusque

203 2189 339 2236 pendet
357 2188 484 2224 animi.
542 2187 666 2226 Quam
690 2188 764 2223 vim
791 2188 878 2223 mali
903 2188 1152 2235 significantes
1171 2194 1293 2234 poetae
1314 2186 1383 2221 im-

203 2242 362 2288 pendere
382 2242 482 2290 apud
501 2240 636 2277 inferos
657 2252 790 2276 saxum
813 2241 971 2276 Tantalo
991 2240 1132 2276 faciunt

281 2322 340 2355 'Ob
357 2325 479 2355 scelera
495 2325 659 2365 animique
676 2325 900 2365 impotentiam
919 2327 950 2355 et
962 2323 1302 2364 superbiloquentiam.

203 2402 259 2438 Ea
279 2403 486 2438 communis
505 2415 618 2451 poena
646 2402 818 2438 stultitia>
840 2408 908 2439 est.
949 2401 1136 2438 Omnibus
1157 2401 1268 2445 enim,
1289 2413 1383 2449 quo,-
