1471 2585
75 121 266 173 56—58.]
494 134 599 159 3001(
619 135 646 159 1.
669 135 785 160 cHAP.
807 124 872 159 24.
1208 127 1255 161 19

75 231 113 277 ii,
133 231 198 279 qui
217 243 238 266 a
256 230 412 266 Platone
432 235 469 265 et
495 229 645 265 Socrate
675 235 712 265 et
741 230 787 266 ab
820 242 863 266 ea
893 229 1032 266 familia
1062 230 1254 275 dissident,

53 303 56 306 ·
76 284 286 333 appellandi
308 280 520 330 videntur):
551 295 625 319 non
646 283 756 319 modo
776 284 867 319 nihil
887 296 1066 331 umquam
1086 290 1161 320 tam
1182 284 1256 320 ele-

75 344 204 387 ganter
233 337 490 385 explicabunt,
530 336 595 372 sed
628 349 674 371 ne
703 336 773 373 hoc
803 337 954 385 quidem
984 338 1107 385 ipsum
1145 350 1257 385 quam

47 432 57 433 ἶ
76 391 262 427 subtiliter
272 391 488 426 conclusum
506 390 564 433 sit,
580 389 802 438 intelligent.
852 391 974 426 Sentit
986 391 1097 439 igitur
1111 392 1257 427 animus

76 457 114 480 se
132 444 295 487 moveri3
318 444 416 492 quod
437 456 554 491 quum
575 444 698 487 sentit,
718 443 811 479 illud
831 457 908 480 una
927 445 1050 488 sentit,
1068 458 1105 480 se
1128 444 1256 489 visua,

75 510 150 534 non
171 497 289 533 aliena
308 498 460 541 moveri,
481 510 548 533 nec
569 497 730 533 accidere
759 510 879 545 posse,
900 504 942 533 ut
969 498 1048 545 ipse
1076 510 1258 546 umquam

76 564 98 587 a
125 563 164 586 se
192 551 393 587 deseratur.
453 550 515 586 Ex
542 563 615 599 quo
644 551 802 586 efficitur
831 551 1144 587 aeternitas—nisi
1169 552 1260 599 quid

76 605 190 640 habes
210 605 255 640 ad
276 604 371 641 haec.
429 603 480 641 A.
512 604 594 652 Ego
614 617 701 640 vero
724 604 829 640 facile
859 617 941 640 sum
970 617 1114 652 passus,
1146 618 1192 640 ne
1220 605 1258 641 in

75 664 238 694 mentem
258 658 408 706 quidem
428 657 518 693 mihi
537 657 676 705 aliquid
697 665 824 694 contra
844 658 989 702 venire3
1012 658 1064 693 ita
1078 658 1138 694 isti
1155 659 1259 694 faveo

78 712 286 748 sententiae.

130 764 279 800 XXIV.
311 763 370 801 M.
402 764 534 803 Quid?
564 764 628 800 illa
656 765 806 800 tandem
834 777 923 802 num
953 764 1092 801 leviora
1119 777 1258 808 censeS‚

78 831 163 866 quae
180 818 367 854 declarant
379 818 499 854 inesse
515 818 552 854 in
565 818 697 854 animis
709 818 905 854 hominum
921 818 1046 854 divina
1061 818 1258 866 quaedam?

78 884 164 920 quae
194 872 225 907 si
253 884 438 907 cernerem
467 872 784 919 quemadmodum
812 871 912 908 nasci
942 881 1105 919 possent,
1136 872 1259 916 etiam,

78 925 395 973 quemadmodum
431 925 633 968 interirent,
668 925 844 962 viderem.
903 925 1000 961 Nam
1030 926 1260 973 sanguinem,

77 978 203 1022 bilem,
232 979 416 1027 pituitam,
448 991 542 1023 ossa,
574 991 719 1022 nervos,
753 992 879 1023 venas,
917 991 1065 1015 omnem
1103 979 1262 1027 denique

79 1033 330 1068 membrorum
351 1039 388 1068 et
407 1032 523 1068 totius
543 1033 706 1080 corporis
736 1033 893 1081 figuram
919 1032 1047 1068 videor
1075 1045 1183 1080 posse
1207 1032 1262 1068 di-

81 1098 172 1130 cere,
193 1086 291 1121 unde
322 1092 491 1121 concreta
523 1093 560 1121 et
592 1098 667 1133 quo
698 1087 809 1122 modo
843 1085 939 1122 facta
972 1086 1066 1130 sint;
1098 1085 1264 1121 animum

80 1138 217 1187 ipsum,
239 1139 269 1174 si
288 1138 381 1174 nihil
408 1146 505 1175 esset
531 1139 570 1174 in
600 1151 656 1182 eo,
678 1139 747 1174 nisi
774 1140 824 1183 id,
844 1145 888 1174 ut
908 1152 972 1187 per
1001 1152 1086 1175 eum
1121 1139 1263 1175 vivere-

81 1205 177 1234 muS‚
192 1199 266 1228 tam
287 1200 418 1228 natura
437 1198 606 1240 putarem
625 1192 785 1228 hominis
799 1192 913 1227 vitam
927 1192 1137 1235 sustentari,
1151 1204 1263 1240 quam

81 1245 181 1289 vitis,
213 1258 324 1293 quam
358 1246 522 1289 arboris;
554 1246 636 1281 haec
663 1245 761 1281 enim
796 1245 907 1281 etiam
938 1245 1093 1281 dicimus
1127 1246 1264 1282 vivere.

82 1298 179 1335 Item
200 1299 230 1334 si
249 1298 340 1334 nihil
362 1299 514 1334 haberet
541 1299 687 1335 animus
716 1298 889 1342 hominis,
909 1299 980 1334 nisi
1009 1306 1050 1334 ut
1078 1304 1268 1346 appeteret

82 1358 148 1389 aut
166 1352 319 1398 fugeret,
341 1352 377 1388 id
397 1365 547 1400 quoque
568 1357 665 1387 esset
685 1352 719 1388 ei
738 1364 935 1388 commune
955 1364 1038 1388 cum
1060 1352 1200 1388 bestiis.

139 1406 266 1442 Habet
300 1406 460 1453 primum
487 1406 702 1442 memoriam
736 1411 772 1441 et
804 1418 885 1441 eam
922 1405 1108 1441 infinitam
1143 1418 1265 1441 rerum

83 1459 424 1501 innumerabilium,
446 1472 557 1507 quam
577 1459 728 1506 quidem
749 1459 858 1495 Plato
877 1459 1167 1494 recordationem
1187 1472 1267 1495 esse

84 1513 169 1549 vult
187 1513 277 1549 vitae
298 1513 509 1561 superioris.
567 1512 665 1548 Nam
685 1513 722 1548 in
743 1512 807 1548 illo
835 1512 941 1555 libro,
963 1512 1028 1560 qui
1055 1513 1269 1549 inscribitur

85 1567 233 1609 Μένων,
253 1567 448 1614 pusionem
468 1566 653 1614 quendam
674 1566 843 1601 Socrates
872 1566 1073 1613 interrogat
1092 1566 1267 1614 quaedam

84 1620 308 1668 geometrica
327 1620 372 1655 de
392 1619 620 1655 dimensione
641 1619 824 1667 quadrati.
881 1619 942 1655 Ad
971 1632 1013 1654 ea
1042 1619 1092 1655 sic
1121 1619 1184 1655 ille
1210 1632 1267 1655 re-

86 1674 254 1722 spondet,
268 1680 311 1709 ut
329 1685 431 1721 puer,
446 1679 482 1709 et
498 1679 622 1709 tumen
639 1673 691 1708 ita
709 1672 834 1708 faciles
848 1672 1154 1720 interrogationes
1167 1678 1267 1716 sunt,

85 1732 130 1763 ut
147 1727 327 1775 gradatim
348 1727 573 1775 respondens
594 1727 723 1761 eodem
743 1725 946 1773 perveniat,
967 1738 1041 1773 quo
1070 1725 1101 1760 si
1120 1739 1269 1773 geome-

86 1780 178 1816 trica
196 1779 396 1816 didicisset.
455 1779 517 1815 Ex
547 1792 621 1828 quo
651 1779 745 1814 effici
765 1779 846 1814 vult
867 1779 1048 1820 Socrates,
1069 1785 1111 1814 ut
1131 1779 1269 1815 discere

87 1833 181 1869 nihil
202 1833 302 1869 aliud
323 1833 370 1869 sit
389 1833 459 1868 nisi
478 1832 673 1869 recordari.
732 1832 857 1870 Quem
875 1832 999 1867 locum
1019 1832 1138 1868 multo
1159 1833 1269 1868 etiam

88 1886 295 1922 accuratius
315 1886 478 1934 explicat
497 1887 534 1921 in
555 1899 597 1922 eo
618 1898 797 1930 sermone,
818 1898 928 1933 quem
958 1885 1090 1921 habuit
1118 1899 1160 1922 eo
1189 1886 1270 1934 ipso

89 1940 159 1983 die,
180 1952 254 1987 quo
273 1940 432 1975 excessit
452 1953 470 1975 e
496 1939 595 1976 vita:
625 1939 733 1974 docet
761 1939 872 1982 enim,
893 1940 1076 1987 quemvis,
1097 1940 1161 1986 qui
1190 1952 1269 1975 om-

88 1993 194 2029 nium
224 2005 346 2029 rerum
379 1993 483 2028 rudis
513 2005 592 2028 esse
622 1992 804 2036 videatur,
824 1993 919 2028 bene
948 1992 1188 2040 interroganti
1213 2005 1269 2028 re-

90 2047 337 2094 spondentem
375 2046 570 2089 declarare,
607 2058 645 2081 se
681 2058 757 2082 non
799 2052 877 2081 tum
920 2045 985 2081 illa
1019 2045 1168 2087 discere,
1207 2046 1271 2081 sed

90 2100 358 2136 reminiscendo
379 2111 598 2147 cognoscere
616 2112 624 2140 ;
646 2111 713 2134 nec
732 2112 819 2135 vero
838 2099 917 2134 fieri
933 2099 1011 2134 ullo
1025 2099 1134 2134 modo
1149 2111 1270 2146 posse,

91 2159 134 2189 ut
163 2166 184 2188 a
214 2153 336 2201 pueris
370 2159 425 2188 tot
453 2165 574 2188 rerum
594 2158 704 2200 atque
723 2158 910 2188 tantarum
938 2152 1069 2187 insitas
1100 2158 1137 2187 et
1165 2153 1273 2200 quasi

92 2206 325 2254 consignatas
362 2206 400 2242 in
436 2205 568 2241 animis
604 2206 788 2250 notiones,
819 2218 912 2253 quas
945 2204 1092 2246 ἑννοίας
1124 2212 1270 2249 vocant,

91 2259 322 2303 haberemus,
343 2259 414 2294 nisi
433 2259 589 2301 animus,
610 2265 810 2307 antequam
831 2259 868 2294 in
891 2271 1022 2306 corpus
1048 2259 1271 2303 intravisset,

92 2312 130 2348 in
151 2325 270 2348 rerum
291 2312 500 2360 cognitione
521 2311 713 2360 viguisset.
772 2312 977 2359 Quumque
996 2311 1088 2348 nihil
1109 2319 1217 2355 esset,
1231 2320 1273 2348 ut

92 2366 266 2402 omnibus
284 2366 375 2402 locis
396 2379 416 2401 a
433 2366 589 2401 Platone
609 2365 801 2401 disseritur
816 2363 928 2413 (nihil
947 2364 1043 2400 enim
1057 2372 1165 2413 putat
1179 2377 1271 2408 esse,

93 2420 194 2466 quod
213 2419 350 2456 oriatur
368 2425 405 2457 et
422 2419 589 2463 intereat,
609 2418 723 2466 idque
743 2418 862 2455 solum
888 2431 981 2462 esse,
1001 2420 1102 2465 quod
1130 2430 1274 2466 semper

1279 774 1317 803 56

1285 1413 1323 1445 57

1291 2320 1329 2348 58
