1471 2585
140 769 176 798 15

140 1624 177 1654 16

192 72 241 108 68
520 82 726 108 TUSCULAN
755 83 1050 109 DrsPUTATIons.
1177 67 1373 120 [15—17:

193 178 296 221 tudo,
317 177 353 214 in
374 178 534 214 eundem
554 178 674 214 timor.
724 179 892 218 Quarum
909 178 1008 214 enim
1029 190 1149 213 rerum
1169 178 1372 226 praesentia

195 244 324 267 sumus
343 231 381 266 in
407 232 638 278 aegritudine,
658 232 803 268 easdem
832 232 1088 280 impendentes
1117 238 1153 267 et
1181 232 1372 268 venientes

194 285 381 320 timemus.
445 285 503 320 Ita
540 286 594 327 fit,
631 292 675 321 ut
709 285 916 321 fortitudini
956 284 1138 332 aegritudo
1174 291 1370 332 repugnet.

194 337 283 374 Veri
304 337 422 373 simile
442 345 498 373 est
518 338 639 386 igitur,
659 338 696 374 in
717 351 829 386 quern
846 338 952 374 cadat
971 338 1165 384 aegritudo,
1186 339 1313 374 cadere
1333 338 1372 373 in

195 392 354 427 eundem
374 391 544 426 timorem
564 398 601 427 et
619 392 873 428 infractionem
893 391 1041 439 quidem
1062 392 1174 426 animi
1188 398 1225 427 et
1237 391 1373 426 demis-

194 444 348 480 sionem.
402 444 500 483 Quae
535 444 571 480 in
602 457 711 493 quem
744 445 892 487 cadunt,
921 444 960 479 in
992 445 1150 479 eundern
1184 445 1294 486 cadit,
1330 452 1372 481 ut

195 497 340 540 serviat,
368 504 410 532 ut
442 498 594 541 victum,
616 498 645 533 si
675 499 836 545 quando,
867 510 904 533 se
935 509 1014 532 esse
1045 497 1214 534 fateatur.
1273 498 1372 536 Quae

193 551 257 598 qui
277 550 416 598 recipit,
437 551 586 598 recipiat
605 552 702 586 idem
722 563 869 587 necesse
888 557 944 586 est
956 550 1191 586 timiditatem
1212 557 1249 587 et
1266 551 1372 599 igna-

192 604 304 640 viam.
353 604 440 639 Non
460 605 597 640 cadunt
615 613 739 640 autem
757 604 839 640 haec
857 605 894 639 in
914 603 1033 639 virum
1054 603 1196 639 fortem.
1253 604 1374 652 Igitur

193 669 239 692 ne
260 657 440 705 aegritudo
460 658 621 705 quidem.
669 658 722 694 At
740 670 849 693 nemo
869 658 1015 705 sapiens
1035 657 1105 692 nisi
1124 657 1239 693 fortis.
1285 657 1372 694 Non

194 710 300 746 cadet
318 723 402 758 ergo
422 711 458 746 in
479 711 681 759 sapientem
702 711 898 759 aegritudo·

249 764 434 799 Praeterea
466 777 613 800 necesse
652 771 719 809 est,
757 765 821 812 qui
859 764 963 800 fortis
999 764 1058 807 sit,
1099 764 1259 799 eundem
1293 775 1372 799 esse

195 817 320 865 magni
339 817 474 859 animi3
506 818 570 865 qui
602 819 727 866 magni
757 817 870 853 animi
904 818 961 860 sit,
986 817 1189 862 invictum3
1223 816 1286 865 qui
1314 816 1372 852 in-

194 870 316 906 victus
350 871 408 912 sit,
440 883 526 906 eum
555 884 611 907 res
644 871 825 907 humanas
855 871 1041 919 despicere
1068 877 1178 918 atque
1208 870 1302 906 infra
1334 882 1373 905 se

194 924 332 971 positas
353 924 531 960 arbitrari.
589 924 786 971 Despicere
806 931 929 960 autem
949 937 1056 960 nemo
1077 930 1199 971 potest
1222 936 1282 959 eas
1302 935 1371 967 res,

194 984 343 1025 propter
363 990 454 1025 quas
474 978 694 1025 aegritudine
713 978 806 1013 affici
828 984 960 1026 potest.
1020 978 1082 1013 Ex
1109 990 1184 1025 quo
1205 976 1371 1020 efficitur,

194 1030 323 1066 fortem
343 1031 463 1066 virum
481 1031 701 1079 aegritudine
717 1043 922 1079 numquam
943 1031 1050 1067 affici.
1091 1031 1232 1066 Omnes
1248 1036 1373 1065 autem

195 1083 378 1131 sapientes
399 1085 521 1120 fortes.
580 1084 665 1119 Non
699 1085 796 1120 cadit
827 1084 942 1132 igitur
970 1084 1008 1119 in
1039 1084 1243 1131 sapientem
1263 1083 1372 1131 aegri-

194 1137 297 1172 tudo.
355 1137 406 1172 Et
440 1138 755 1185 quemadmodum
788 1138 918 1173 oculus
949 1138 1190 1173 conturbatus
1213 1148 1288 1172 non
1317 1142 1375 1172 est

193 1190 307 1238 probe
338 1190 490 1227 affectus
524 1191 571 1226 ad
601 1203 709 1227 suum
740 1203 877 1226 munus
897 1191 1140 1239 fungendum,
1161 1196 1198 1225 et
1216 1189 1372 1237 reliquae

192 1250 315 1290 partes
345 1250 512 1279 totumve
542 1257 686 1292 corpus,
722 1251 820 1280 statu
853 1256 970 1291 quum
1000 1251 1056 1279 est
1085 1250 1241 1287 motum,
1270 1243 1374 1279 deest

194 1297 313 1332 officio
334 1310 401 1332 suo
422 1306 458 1333 et
484 1298 651 1333 muneri:
682 1297 732 1333 sic
765 1298 1007 1333 conturbatus
1039 1296 1185 1332 animus
1219 1308 1293 1331 non
1317 1303 1374 1332 est

194 1357 303 1398 aptus
336 1351 381 1386 ad
415 1351 697 1398 exsequendum
730 1362 867 1386 munus
896 1362 1018 1385 suum.
1077 1350 1219 1385 Munus
1248 1355 1403 1395 autem,

193 1403 306 1438 animi
326 1410 381 1438 est
400 1404 538 1439 ratione
558 1404 651 1439 bene
670 1404 737 1447 uti,
758 1410 794 1438 et
813 1403 989 1451 sapientis
1008 1402 1217 1438 animusita
1229 1414 1375 1450 semper

194 1456 347 1491 affectus
366 1464 432 1500 est,
453 1463 496 1492 ut
515 1457 654 1492 ratione
673 1457 811 1504 optime
833 1463 970 1492 utatur.
1028 1456 1245 1504 Numquam
1260 1456 1374 1504 igitur

194 1516 251 1545 est
283 1510 532 1557 perturbatus.
589 1510 641 1545 At
678 1510 859 1557 aegritndo
888 1510 1116 1558 perturbatio
1152 1516 1208 1545 est
1243 1509 1370 1546 animi.

195 1562 349 1610 Semper
366 1563 477 1611 igitur
496 1576 538 1599 ea
556 1563 702 1611 sapiens
723 1563 879 1599 vacabit.

247 1615 364 1652 VIII.
398 1616 484 1652 Veri
503 1617 612 1652 etiam
633 1616 750 1652 simile
770 1616 864 1652 illud
883 1622 950 1659 est,
963 1616 1027 1663 qui
1047 1616 1093 1651 sit
1110 1622 1371 1663 temperans—

195 1681 308 1717 quem
329 1669 452 1705 Graeci
472 1670 637 1719 σώφρονα
658 1670 848 1717 appellant
866 1681 1022 1716 eamque
1037 1670 1208 1705 virtutem
1231 1676 1371 1717 σωφρο-

194 1722 309 1766 σύνην
329 1730 470 1767 vocant,
491 1736 601 1771 quam
635 1723 734 1758 soleo
765 1723 937 1770 equidem
967 1730 1045 1758 tum
1076 1723 1370 1770 temperantiam,

193 1782 273 1811 tum
303 1777 590 1812 moderationem
620 1776 816 1824 appellare,
842 1788 1121 1823 nonnumquam
1148 1776 1259 1811 etiam
1290 1788 1370 1811 mo-

193 1829 348 1864 destiam
366 1844 374 1873 ;
407 1830 469 1864 sed
488 1830 586 1865 haud
607 1830 681 1865 scio
701 1842 746 1865 an
766 1836 862 1865 recte
881 1842 923 1864 ea
952 1830 1068 1865 virtus
1096 1829 1286 1877 frugalitas
1305 1840 1370 1876 ap-

193 1882 322 1929 pellari
355 1883 485 1930 possit,
510 1883 610 1930 quod
633 1883 829 1931 angustius
861 1883 959 1930 apud
991 1883 1144 1918 Graecos
1172 1882 1277 1924 valet,
1306 1882 1370 1930 qui

193 1935 290 1983 frugi
310 1935 478 1971 homines
497 1938 701 1984 χρησίμους
729 1936 930 1984 appellant,
957 1936 994 1971 id
1023 1943 1090 1978 est,
1111 1935 1369 1971 tantummodo

193 1988 305 2024 utiles
323 2003 331 2032 3
364 1996 401 2024 at
421 1988 510 2024 illud
530 1997 586 2024 est
605 1989 739 2033 latius3
771 1989 891 2024 omnis
909 1989 1005 2024 enim
1027 1988 1260 2032 abstinentia,
1289 2000 1369 2023 om-

194 2042 251 2077 nis
289 2042 649 2088 innocentia—qua?
692 2038 792 2089 apud
831 2042 981 2078 Graecos
1018 2042 1195 2077 usitatum
1234 2053 1366 2077 nomen

193 2095 341 2131 nullum
361 2096 483 2138 habet,
505 2095 569 2130 sed
587 2095 719 2130 habere
739 2103 860 2142 potest
879 2092 1106 2141 ἀβλάβειαν,
1126 2107 1210 2130 nam
1237 2102 1292 2129 est
1311 2094 1368 2129 in-

193 2149 364 2184 nocentia
383 2148 526 2184 affectio
547 2148 630 2183 talis
651 2149 775 2191 animi,
797 2161 884 2196 quae
917 2155 1047 2184 noceat
1074 2147 1367 2189 nemini,-—reli-

194 2213 286 2248 quas
304 2202 414 2237 etiam
435 2202 590 2237 virtutes
609 2201 799 2248 frugalitas
819 2202 995 2238 continet.
1053 2202 1150 2238 Quae
1173 2200 1241 2235 nisi
1265 2206 1368 2236 tanta.

194 2262 290 2289 esset
305 2261 340 2289 et
361 2255 390 2290 si
405 2255 449 2290 iis
465 2255 660 2302 angustiis,
675 2254 811 2301 quibus
825 2255 991 2302 plerique
1010 2261 1153 2302 putant,
1170 2260 1366 2298 teneretur,

193 2319 397 2355 numquam
419 2316 513 2342 esset
534 2308 577 2343 L.
601 2307 746 2343 Pisonis
764 2320 968 2355 cognomen
989 2314 1090 2342 tanto
1111 2319 1218 2354 opere
1237 2306 1367 2342 lauda-

193 2369 288 2397 tum.
346 2360 419 2396 Sed
438 2361 525 2408 quia
545 2373 610 2396 nee
631 2361 694 2408 qui
713 2369 861 2409 propter
885 2367 1023 2397 metum
1050 2359 1264 2409 praesidium
1284 2359 1368 2396 reli-
