1471 2585
82 77 275 130 ’λδ-27]
392 92 493 128 Βοοις
526 92 577 116 iv.
600 91 716 116 CHAP.
742 82 909 115 10—12.
1217 82 1267 117 99

81 199 199 235 quum
219 193 342 223 autem
360 186 419 222 hic
439 186 557 223 fervor
577 186 850 234 concitatioque
868 185 982 222 animi
1007 185 1270 222 inveteraverit

81 248 118 277 et
138 249 327 288 tamquam
346 239 385 274 in
406 240 510 276 venis
537 239 785 288 medullisque
812 240 999 283 insederit,
1021 247 1100 275 tum
1121 239 1269 276 exsistit

56 294 59 297 Δ
81 302 118 330 et
136 294 287 330 morbus
307 299 344 328 et
362 293 556 339 aegrotatio
582 299 620 328 et
646 293 869 329 offensiones
893 306 960 337 eae,
982 305 1068 341 quae
1099 299 1188 328 sunt
1215 293 1268 328 eis

80 346 217 383 morbis
237 346 620 394 aegrotationibusque
638 346 845 382 contrariae.

134 400 206 437 XI.
240 400 349 442 Haec,
372 412 459 447 quae
480 400 574 443 dico,
595 400 818 448 cogitatione
837 400 933 435 inter
953 413 991 435 se
1014 399 1203 442 differunt,
1230 412 1268 435 re

81 453 230 501 quidem
251 453 424 500 copulata
443 462 541 497 sunt,
563 466 680 501 eaque
708 453 879 488 oriuntur
898 466 945 488 ex
973 453 1126 488 libidine
1153 459 1189 488 et
1218 465 1266 489 ex

79 506 223 543 laetitia.
282 506 379 542 Nam
399 519 513 554 quum
536 515 591 542 est
610 506 806 554 concupita
825 506 983 554 pecunia
1009 519 1076 542 nec
1102 506 1269 542 adhibita

81 561 258 596 continuo
285 560 391 602 ratio,
419 560 525 607 quasi
552 561 725 608 quaedam
757 560 943 596 Socratica
966 560 1160 601 medicina,
1181 572 1268 607 quae

81 619 227 649 sanaret
245 626 325 648 eam
346 614 610 660 cupiditatem:
641 620 833 661 permanat
858 613 895 648 in
917 625 1031 648 venas
1051 620 1088 648 et
1110 614 1269 649 inhaeret

80 665 119 702 in
140 667 344 703 visceribus
364 666 457 702 iliud
478 667 629 711 malum,
650 667 872 714 exsistitque
901 667 1053 702 morbus
1083 673 1120 702 et
1148 679 1267 714 aegro·

81 719 184 763 tatio,
206 733 291 768 quae
321 720 429 756 avelli
460 721 665 756 inveterata
690 733 765 756 non
793 728 976 768 possunt3
1009 720 1117 767 eique
1137 720 1267 756 morbo

80 785 218 809 nomen
238 781 294 809 est
313 775 484 810 avaritia.
544 774 795 821 Similiterque
824 773 934 809 ceteri
964 773 1094 816 morbi,
1122 781 1164 809 ut
1187 773 1266 821 ylo·
1287 785 1293 793 ·
1313 781 1323 788 ‘

80 827 155 863 riae
174 827 369 876 cupiditas,
388 834 431 863 ut
450 827 701 870 mulierositas,
724 835 766 862 ut
785 827 836 862 ita
860 827 1042 875 appellem
1066 839 1160 870 eam,
1181 840 1268 875 quae

83 879 215 916 Graece
253 880 471 929 φιλωγύνεια
516 881 661 924 dicitur,
708 881 895 928 ceterique
938 880 1107 916 similiter
1148 880 1269 916 morbi

81 934 417 982 aegrotationesque
438 942 653 970 nascuntur.
711 934 811 973 Quae
832 941 956 969 autem
980 941 1068 969 sunt
1093 933 1149 968 his
1179 946 1268 969 con-

82 987 203 1031 traria,
234 1000 277 1023 ea
306 988 407 1023 nasci
440 995 619 1035 putantur
648 1001 670 1023 a
698 994 813 1031 metu,
844 995 886 1023 ut
916 987 1035 1023 odium
1064 987 1267 1031 mulierum,

82 1040 192 1087 quale
218 1041 256 1075 in
278 1041 478 1089 Misogyne
500 1041 604 1076 Atilii
630 1049 697 1083 est,
724 1048 766 1077 ut
791 1042 828 1076 in
857 1041 1033 1077 hominum
1062 1042 1269 1077 universum

78 1106 204 1142 yemis,
226 1095 326 1141 quod
347 1094 556 1141 accepimus
576 1095 621 1130 de
641 1094 810 1138 Timone,
831 1095 896 1142 qui
921 1094 1174 1142 μισάνθρωποι
1202 1107 1267 1142 ap-

82 1146 281 1194 pellantur,
317 1154 359 1183 ut
392 1147 662 1195 inhospitalitas
700 1155 778 1191 est;
824 1160 909 1194 quae
947 1160 1076 1182 omnes
1110 1154 1268 1195 aegrota-

83 1199 202 1236 tiones
222 1200 336 1236 animi
357 1213 402 1236 ex
425 1201 586 1248 quodam
616 1207 717 1236 metu
745 1207 948 1236 nascuntur
976 1213 1102 1236 earum
1133 1213 1267 1244 rerum,

82 1265 174 1301 quas
191 1253 338 1301 fugiunt
358 1261 394 1289 et
414 1255 585 1289 oderunt.

136 1306 334 1343 Definiunt
376 1315 502 1343 autem
548 1306 662 1353 animi
698 1308 969 1355 aeyrotationem
1015 1306 1266 1354 opinationem

82 1360 341 1396 vehementem
369 1362 414 1397 de
440 1373 478 1396 re
505 1373 581 1396 non
610 1361 833 1408 expetenda,
858 1367 1047 1408 tamquam
1069 1360 1175 1396 valde
1201 1372 1267 1396 ex-

82 1414 244 1461 petenda
281 1415 340 1456 sit,
378 1415 623 1450 inhaerentem
661 1421 697 1449 et
735 1414 884 1462 penitus
922 1414 1084 1450 insitam.
1155 1413 1270 1452 Quod

83 1474 208 1502 autem
240 1467 403 1503 nascitur
432 1481 479 1503 ex
512 1469 715 1516 offensione,
746 1467 798 1503 ita
827 1467 1024 1510 deliniunt,
1056 1466 1268 1515 opinionem

83 1520 343 1556 vehementem
363 1522 407 1557 de
425 1534 462 1557 re
483 1534 556 1557 non
577 1521 763 1568 fugienda,
788 1520 1032 1556 inhaerentem
1058 1528 1095 1556 et
1121 1519 1270 1568 penitus

83 1572 246 1616 insitam,
277 1581 464 1621 tamquam
494 1574 680 1622 fugienda.
741 1574 836 1609 Haec
867 1580 991 1609 autem
1020 1573 1185 1621 opinatio
1214 1581 1271 1609 est

79 1625 261 1675 judicatio
299 1640 337 1663 se
371 1628 475 1671 scire,
509 1628 609 1676 quod
641 1626 795 1663 nesciat.
863 1626 1110 1676 AEqrotationi
1144 1633 1270 1662 autem

85 1679 173 1716 talia
203 1681 375 1728 quaedam
407 1681 576 1729 subjecta
601 1687 711 1717 sunt:
751 1681 925 1722 avaritia,
956 1680 1112 1723 ambicio,
1144 1678 1276 1715 mulie-

85 1735 227 1776 rositas,
249 1736 476 1782 pervicacia,
503 1734 696 1783 liyurritio,
724 1733 932 1776 vinolentia,
963 1733 1144 1781 cuppedia
1175 1740 1212 1769 et
1239 1733 1270 1769 si

85 1798 159 1834 qua
188 1787 333 1822 similia.
391 1787 461 1823 Est
478 1793 605 1823 autem
625 1786 779 1822 avaritia
804 1786 969 1834 opinatio
1000 1787 1198 1822 vehemens
1225 1787 1271 1823 de

85 1839 254 1886 pecunia,
275 1840 381 1887 quasi
402 1841 509 1876 valde
529 1840 740 1888 expetenda
759 1839 819 1881 sit,
848 1839 1034 1875 inhaerens
1057 1846 1094 1875 et
1119 1839 1269 1887 penitus

84 1892 196 1928 insita
214 1907 221 1936 ;
254 1893 460 1940 similisque
486 1901 543 1928 est
569 1893 735 1940 ejusdem
755 1893 899 1940 generis
920 1893 1088 1929 definitio
1107 1893 1268 1941 reliqua-

85 1958 181 1981 rum.
245 1945 488 1995 Offensionum
507 1953 632 1982 autem
650 1946 883 1982 definitiones
904 1954 991 1982 sunt
1010 1946 1206 1994 ejusmodi,
1226 1951 1270 1981 ut

87 1999 358 2048 inhospitalitas
378 2000 424 2035 sit
443 1999 567 2047 opinio
588 1999 802 2041 vehemens,
825 2000 931 2035 valde
951 2000 1170 2048 fugiendum
1190 2011 1269 2035 esse

85 2052 284 2099 hospitem,
317 2065 432 2102 eaque
460 2052 644 2088 inhaerens
672 2062 709 2088 et
735 2052 882 2100 penitus
907 2053 1041 2095 insita3
1084 2052 1270 2088 similiter-

87 2117 160 2153 que
188 2106 364 2141 definitur
392 2115 429 2141 et
459 2105 645 2142 mulierum
674 2106 804 2148 odium,
831 2113 875 2142 ut
903 2105 1116 2153 Hippolyti,
1147 2112 1195 2149 et,
1228 2111 1271 2141 ut

87 2158 269 2203 Timonis,
285 2161 431 2207 yeneris
449 2159 607 2195 humani.

141 2211 238 2248 XII.
269 2214 394 2260 Atque
416 2219 456 2248 nt
475 2212 519 2248 ad
537 2212 760 2249 valetudinis
780 2211 1062 2248 similitudinem
1080 2212 1271 2247 veniamus

88 2277 204 2313 eaque
235 2265 433 2301 collatione
461 2273 609 2301 utamur
641 2266 852 2314 aliquando,
887 2264 950 2300 sed
980 2265 1138 2312 parcius,
1158 2277 1271 2312 quarn

89 2318 209 2354 solent
229 2319 367 2355 Stoici:
399 2326 441 2354 ut
459 2325 548 2354 sunt
569 2318 632 2354 alii
657 2320 703 2355 ad
729 2319 821 2355 alios
847 2319 996 2353 morbos
1023 2319 1270 2366 procliviores,

88 2370 213 2419 itaque
243 2372 400 2408 dicimus
426 2371 688 2420 gravedinosos
716 2371 911 2420 quosdam,
935 2372 1116 2419 quosdam
1144 2370 1273 2407 tormi-

647 2438 674 2462 Κ
694 2429 717 2461 2

1287 1313 1326 1342 26

1289 1949 1327 1982 27
