1471 2585
93 94 286 147 23—26.]
499 109 606 134 Boox
625 109 651 134 1.
674 109 790 134 anr.
816 101 878 135 12.
1251 103 1275 138 9

94 215 190 238 mus.
248 201 350 237 Nihil
370 207 425 238 est
444 201 541 237 enim
571 201 669 249 apud
699 201 802 246 istos,
830 202 930 250 quod
959 215 1035 239 non
1064 209 1271 241 atomorum

94 256 204 292 turba
237 255 420 291 conficiat.
490 255 636 291 Harum
674 255 942 292 sententiarum
976 269 1063 304 quae
1099 270 1184 293 vera
1214 258 1272 302 sit,
1294 267 1334 297 23

47 316 50 319 '
94 309 185 345 deus
212 307 327 356 aliqui
353 309 509 351 viderit;
544 321 630 356 quae
650 308 728 344 veri
744 309 942 351 simillima,
960 323 1093 357 magna
1113 312 1274 359 quaestio

94 368 162 398 est.
221 361 357 397 Utrum
376 362 489 410 igitur
506 362 602 398 inter
620 362 686 398 has
712 363 914 398 sententias
934 363 1134 411 dijudicare
1153 365 1274 401 malu-

42 444 51 446 <
93 427 190 458 mus,
210 427 254 450 an
275 415 320 451 ad
347 415 578 463 propositum
607 415 753 451 redire?
810 415 860 452 A.
894 417 1076 464 Cuperem
1102 418 1275 465 equidem

93 474 308 516 utrumque,
330 470 360 504 si
379 476 526 517 posset3
550 469 614 504 sed
630 475 686 504 est
705 469 853 504 difficile
874 470 1111 506 confundere.
1148 471 1274 510 Quare

93 522 136 566 si,
158 528 201 558 ut
214 522 284 558 ista
300 535 372 558 non
389 522 625 566 disserantur,
639 522 783 558 liberari
799 523 928 559 mortis
943 530 1044 560 metu
1060 537 1272 572 possumus,

92 575 129 611 id
149 588 326 623 agamus3
363 576 420 612 sin
449 576 486 611 id
513 588 587 611 non
612 581 746 624 potest,
774 576 844 612 nisi
871 576 938 612 hac
958 578 1168 625 quaestione
1194 578 1273 614 ani-

91 641 236 664 morum
257 629 453 678 explicata,
475 642 586 673 nunc,
607 629 638 665 si
659 629 816 674 videtur,
837 629 918 674 hoc,
939 630 1034 666 illud
1054 631 1158 667 alias.

146 681 206 718 M.
239 683 351 721 Quod
371 683 481 718 malle
501 689 536 718 te
555 682 735 731 intelligo,
756 683 793 718 id
814 690 904 731 puto
930 696 1009 720 esse
1030 685 1273 723 commodius,

92 735 242 772 Efficiet
260 736 357 772 enim
378 736 482 779 ratio,
504 743 558 779 ut,
579 748 818 784 quaecunque
847 749 933 773 vera
961 737 1009 773 sit
1035 750 1159 774 earum
1190 751 1273 775 sen-

93 789 304 832 tentiarum,
325 801 418 838 quas
437 789 610 838 exposui,
630 802 728 826 mors
755 798 818 826 aut
848 790 987 826 malum
1018 804 1093 827 non
1124 791 1182 834 sit,
1209 798 1275 828 aut

92 842 141 878 sit
157 843 299 879 bonum
317 843 453 891 potius.
511 842 607 879 Nam
629 843 659 879 si
678 856 740 879 cor
758 850 821 879 aut
836 844 986 892 sanguis
1002 851 1066 881 aut
1085 845 1273 881 cerebrum
1294 853 1334 883 24

91 902 149 932 est
167 896 326 940 animus,
347 902 456 941 certe,
477 897 653 944 quoniam
674 903 730 933 est
748 909 894 945 corpus,
916 898 1080 934 interibit
1109 911 1192 934 cum
1217 911 1275 934 re-

90 949 194 997 liquo
223 963 386 998 corpore.
444 950 483 986 Si
516 950 640 986 anima
670 958 738 993 est,
765 950 917 986 fortasse
950 951 1212 999 dissipabitur3
1245 952 1275 988 si

89 1002 199 1051 ignis,
220 1003 506 1052 exstinguetur3
539 1003 568 1039 si
588 1009 643 1040 est
670 1003 889 1040 Aristoxeni
918 1004 1120 1049 harmonia,
1141 1005 1274 1042 dissol-

92 1063 212 1093 vetur.
271 1057 372 1096 Quid
407 1057 452 1093 de
486 1057 706 1093 Dicaearcho
741 1057 873 1101 dicam,
906 1058 971 1105 qui
998 1058 1089 1094 nihil
1124 1059 1274 1095 omnino

89 1109 257 1146 animum
276 1110 374 1146 dicat
391 1110 496 1146 esse?
556 1110 628 1147 His
657 1110 849 1146 sententiis
878 1112 1051 1147 omnibus
1071 1112 1159 1147 nihil
1191 1119 1276 1160 post

91 1169 246 1200 mortem
278 1163 460 1211 pertinere
494 1163 540 1199 ad
572 1176 798 1212 quemquam
829 1171 978 1211 potest3
1008 1165 1144 1212 pariter
1175 1165 1274 1201 enim

90 1229 176 1252 cum
195 1217 272 1253 vita
301 1229 430 1253 sensus
459 1217 665 1261 amittitur3
697 1229 771 1253 non
802 1216 995 1253 sentientis
1022 1224 1160 1261 autem,
1181 1218 1275 1254 nihil

89 1276 157 1314 est,
178 1270 294 1306 ullam
324 1270 361 1305 in
389 1276 532 1318 partem
566 1270 666 1318 quod
695 1270 851 1306 intersit.
909 1270 1158 1319 Reliquorum
1189 1284 1273 1307 sen-

89 1323 217 1360 tentiae
238 1336 341 1372 spem
360 1323 531 1367 afferunt,
554 1323 585 1359 si
604 1329 640 1359 te
657 1323 726 1359 hoc
747 1323 838 1359 forte
867 1324 1035 1368 delectat,
1058 1337 1166 1372 posse
1194 1325 1273 1360 ani-

89 1388 181 1420 mos,
202 1389 319 1425 quum
340 1390 358 1413 e
378 1377 591 1425 corporibus
610 1376 849 1420 excesserint,
869 1377 906 1412 in
933 1377 1080 1420 caelum,
1101 1378 1207 1425 quasi
1235 1378 1272 1414 in

88 1429 318 1466 domicilium
356 1443 479 1473 suum,
517 1430 723 1478 pervenire.
790 1429 840 1466 A.
876 1430 940 1466 Me
978 1443 1064 1467 vero
1102 1431 1272 1475 delectat,

87 1483 203 1531 idque
222 1485 382 1532 primum
399 1484 451 1520 ita
470 1496 550 1520 esse
571 1484 681 1520 velim
700 1499 709 1528 3
741 1483 887 1527 deinde,
909 1484 1021 1520 etiam
1050 1484 1080 1520 si
1110 1497 1183 1520 non
1213 1485 1272 1528 sit,

86 1536 180 1572 mihi
198 1537 409 1584 persuaderi
430 1544 551 1573 tamen
572 1537 696 1574 velim.
754 1536 814 1573 M.
846 1537 948 1576 Quid
969 1537 1035 1573 tibi
1056 1550 1142 1586 ergo
1162 1551 1274 1586 opera

87 1597 214 1626 nostra
233 1603 326 1639 opus
347 1590 429 1626 est?
455 1603 545 1626 num
562 1590 774 1639 eloquentia
786 1590 983 1626 Platonem
999 1603 1169 1639 superare
1185 1604 1271 1640 pos-

88 1644 246 1679 sumus?
302 1644 447 1680 Evolve
467 1644 663 1692 diligenter
681 1644 762 1692 ejus
782 1656 866 1679 eum
887 1644 1035 1688 librum,
1057 1645 1121 1692 qui
1142 1651 1199 1681 est
1226 1645 1271 1680 de

86 1697 234 1733 animo:
274 1697 432 1745 amplius
470 1698 572 1745 quod
608 1697 804 1739 desideres,
836 1697 928 1733 nihil
966 1697 1045 1733 erit.
1102 1697 1152 1734 A.
1183 1697 1272 1733 Feci

86 1750 309 1794 mehercule,
340 1757 377 1787 et
407 1751 555 1799 quidem
588 1751 749 1799 saepius3
782 1751 858 1795 sed,
889 1750 1013 1786 nescio
1044 1763 1117 1798 quo
1146 1751 1270 1796 modo,

86 1803 175 1839 dum
195 1803 291 1852 lego,
312 1804 503 1847 assentior,
525 1817 638 1852 quum
661 1803 768 1852 posui
787 1803 923 1840 librum
954 1809 990 1840 et
1017 1816 1162 1840 mecum
1191 1805 1271 1852 ipse

86 1856 132 1892 de
150 1857 427 1893 immortalitate
448 1857 656 1894 animorum
677 1857 773 1905 coepi
788 1857 960 1905 cogitare,
974 1857 1136 1894 assensio
1150 1857 1270 1894 omnis

84 1909 150 1946 illa
168 1910 338 1946 elabitur.

139 1962 200 1999 M.
231 1963 332 2002 Quid
354 1963 423 2000 hoc
439 1963 453 1999 2
474 1965 587 2000 dasne
603 1970 669 1999 aut
682 1976 830 2000 manere
843 1963 985 2000 animos
1001 1969 1085 2011 post
1101 1969 1269 2007 mortem,
1289 1971 1328 2000 25

86 2023 151 2052 aut
178 2024 296 2053 morte
324 2017 405 2065 ipsa
434 2016 610 2053 interire?
666 2016 716 2053 A.
748 2017 808 2053 Do
828 2029 928 2053 vero.
986 2016 1046 2053 M.
1078 2016 1209 2055 Quid?
1239 2016 1270 2053 si

85 2070 286 2106 maneant?
335 2070 385 2106 A.
414 2070 549 2106 Beatos
570 2082 649 2106 esse
669 2071 842 2106 concedo.
890 2070 950 2107 M.
981 2070 1046 2105 Sin
1059 2068 1269 2105 intereant?

84 2122 137 2159 A.
168 2122 254 2159 Non
282 2136 362 2160 esse
392 2124 558 2168 miseros,
581 2124 758 2171 quoniam
788 2136 834 2159 ne
865 2124 939 2160 sint
965 2123 1129 2171 quidem.
1187 2123 1269 2158 Jam

84 2175 197 2220 istud,
229 2176 345 2212 coacti
375 2189 396 2212 a
425 2183 473 2218 te,
504 2177 629 2225 paullo
660 2184 744 2213 ante
773 2177 1034 2212 concessimus.
1091 2175 1151 2212 M.
1183 2176 1270 2215 Quo

85 2229 196 2265 modo
211 2229 324 2278 igitur
336 2236 400 2266 aut
419 2243 483 2266 cur
497 2236 653 2266 mortem
669 2230 807 2266 malurn
827 2230 894 2266 tibi
910 2229 1027 2265 videri
1044 2229 1161 2264 dicis?
1183 2241 1270 2277 quae

86 2289 151 2318 aut
169 2282 297 2318 beatos
316 2296 382 2319 nos
403 2283 545 2327 efficiet,
567 2283 699 2319 animis
717 2283 968 2327 manentibus,
985 2288 1050 2319 aut
1068 2295 1143 2318 non
1160 2283 1270 2318 mise-

85 2347 159 2378 ros,
181 2348 290 2372 sensu
312 2343 489 2373 carentes,

92 2389 95 2393 ⁴
142 2387 239 2427 XII.
269 2388 320 2426 A.
343 2389 505 2439 Expone
519 2389 644 2438 igitur,
660 2389 942 2426 nisimolestum
964 2394 1032 2433 est,
1049 2388 1223 2437 primum,
1242 2387 1271 2424 si
1290 2394 1329 2425 26
