1471 2585
115 91 304 143 17—2o.]
487 105 590 130 BOOK
619 105 646 130 1.
669 105 787 131 cfflu’.
807 95 844 138 9,
867 95 929 130 10.
1275 95 1298 134 7

114 199 211 236 Haec
244 198 342 235 enirn
375 197 580 246 spinosiora
613 197 726 245 prius,
758 202 802 234 ut
834 197 1024 240 confitear,
1053 210 1112 233 me
1147 205 1300 247 cogunt,

113 265 226 301 quam
261 261 303 288 ut
335 251 529 288 assentiar.
589 251 662 287 Sed
695 263 782 298 quae
814 258 904 288 sunt
937 264 991 295 ea,
1023 264 1109 299 quae
1142 251 1234 287 dicis
1265 259 1301 288 te

112 306 252 354 majora
280 303 429 342 moliri?
478 303 538 341 M.
567 304 623 340 Ut
649 305 813 348 doceam,
844 304 875 340 si
900 304 1052 353 possim,
1085 317 1160 340 non
1190 306 1300 341 modo

112 361 252 395 malum
279 371 356 395 non
385 371 477 402 esse,
507 358 572 394 sed
595 358 736 394 bonum
766 358 877 393 etiam
909 371 988 394 esse
1020 364 1191 395 mortem.
1248 358 1299 395 A.

113 412 201 449 Non
222 411 371 461 postulo
396 412 433 448 id
460 412 623 460 quidem,
650 424 742 448 aveo
777 419 900 447 tamen
927 412 1068 448 audire.
1128 411 1182 447 Ut
1202 412 1301 448 enim

113 478 190 502 non
217 466 366 508 efficias,
387 466 489 513 quod
515 465 583 509 vis,
613 472 750 508 tamen,
778 477 877 500 mors
903 471 945 500 ut
972 465 1113 500 malum
1145 478 1220 501 non
1242 465 1299 509 sit,

115 519 263 556 efficies.
322 519 396 555 Sed
428 518 520 554 nihil
554 526 589 554 te
619 517 892 567 interpellab03
935 518 1191 554 continentem
1220 531 1301 554 ora-

115 573 255 609 tionem
275 573 403 609 audire
422 572 532 608 malo.
591 571 651 608 M.
681 571 812 611 Quid?
843 571 873 607 si
893 578 928 608 te
948 583 1126 619 rogavero
1147 572 1300 620 aliquid,

115 638 190 662 non
221 625 492 675 respondebis?
554 625 605 662 A.
638 625 847 673 Superbum
880 624 917 661 id
944 625 1095 672 quidem
1126 632 1194 667 est,
1225 626 1301 670 sed,

115 680 188 716 nisi
207 680 295 727 quid
314 691 464 715 necesse
483 678 564 722 erit,
582 679 692 722 malo,
714 691 789 714 non
810 691 928 726 roges,

171 733 244 770 IX.
275 732 334 770 M.
366 733 502 770 Geram
523 732 590 768 tibi
609 745 747 768 morem
771 738 807 768 et
826 744 880 773 ea,
901 744 988 779 quae
1009 732 1076 775 viS‚
1096 738 1138 768 ut
1161 738 1301 780 potero,

117 787 327 835 explicabo,
359 799 427 822 nec
459 792 580 822 tamen
613 786 722 835 quasi
751 785 913 833 Pythius
945 785 1095 833 Apollo,
1131 793 1229 822 certa
1260 794 1304 822 ut

119 839 194 876 sint
225 848 262 876 et
291 840 380 884 fixa,
416 852 503 888 quae
534 839 676 883 dixero,
708 839 772 875 sed
803 845 845 874 ut
874 838 1125 874 homunculus
1156 851 1256 875 unus
1284 852 1304 876 e

117 894 257 937 multis,
278 893 484 942 probabilia
504 892 715 942 conjectura
741 905 914 940 sequens.
974 892 1084 928 Ultra
1112 892 1208 928 enim
1229 905 1303 940 quo

116 947 343 995 progrediar,
370 959 482 995 quam
516 953 559 982 ut
592 946 669 982 veri
703 945 837 982 similia
865 946 1022 989 videam,
1053 957 1128 981 non
1159 946 1300 991 habeo3

118 1007 217 1036 certa
236 1000 360 1037 dicent
379 1001 416 1044 ii,
440 1000 503 1048 qui
525 1007 562 1035 et
586 999 726 1048 percipi
746 1012 788 1035 ea
811 1012 919 1048 posse
940 999 1071 1035 dicunt
1091 1005 1127 1034 et
1147 1012 1184 1035 se
1205 1000 1304 1048 sapi-

119 1060 223 1090 entes
259 1066 338 1089 esse
375 1055 610 1101 profitentur.
678 1052 729 1090 A.
764 1053 835 1096 Tu,
868 1059 910 1088 ut
945 1053 1116 1096 videtur;
1163 1065 1231 1088 nos
1258 1054 1305 1089 ad

120 1107 347 1143 audiendum
375 1107 492 1155 parati
520 1119 662 1142 sumus.
723 1105 783 1142 M.
821 1106 923 1142 Mors
953 1106 1066 1154 igitur
1092 1106 1185 1154 ipsa,
1218 1119 1303 1153 quae

121 1159 268 1196 videtur
291 1160 484 1196 notissima
508 1172 566 1195 res
593 1172 684 1202 esse,
705 1159 796 1206 quid
827 1159 886 1202 sit,
907 1159 1068 1207 primum
1098 1166 1154 1195 est
1174 1159 1302 1195 viden-

121 1214 223 1249 dum.
272 1214 370 1249 Sunt
388 1213 499 1256 enim,
522 1213 588 1261 qui
606 1213 811 1248 discessum
832 1212 944 1248 animi
961 1225 982 1248 a
1002 1225 1150 1259 corpore
1171 1220 1306 1260 putent

121 1279 201 1303 esse
220 1273 400 1310 mortem3
428 1274 528 1309 sunt,
545 1266 609 1314 qui
629 1265 776 1302 nullum
797 1272 971 1301 censeant
989 1265 1068 1301 fieri
1085 1265 1302 1311 discessum,

123 1321 185 1356 sed
206 1333 281 1356 una
309 1320 473 1356 animum
499 1326 536 1355 et
562 1331 696 1367 corpus
723 1319 886 1355 occidere
906 1318 1146 1366 animumque
1166 1319 1204 1354 in
1224 1332 1304 1355 cor-

122 1386 210 1422 pore
248 1373 432 1421 extingui.
502 1373 578 1412 Qui
614 1373 801 1408 discedere
838 1372 1002 1408 animum
1040 1379 1204 1416 censent,
1243 1373 1306 1408 alii

123 1427 247 1463 statim
268 1426 450 1475 dissipari,
471 1426 533 1462 alii
557 1426 620 1462 diu
648 1438 873 1474 permanere,
899 1425 963 1461 alii
987 1437 1143 1473 semper.
1203 1426 1305 1465 Quid

123 1480 172 1516 sit
200 1493 307 1528 porro
334 1480 413 1529 ipse
441 1480 598 1523 animm,
632 1486 696 1515 aut
724 1479 799 1523 ubi,
828 1486 894 1515 aut
918 1479 1030 1522 unde,
1065 1491 1200 1527 magna
1232 1480 1306 1515 dis-

124 1534 246 1570 sensio
272 1540 340 1570 est.
396 1533 493 1570 Aliis
526 1546 587 1569 cor
615 1532 738 1581 ipsum
769 1532 916 1568 animus
947 1532 1123 1568 videtur:
1152 1545 1199 1568 ex
1231 1545 1305 1581 quo

124 1587 308 1630 excordes,
326 1588 508 1630 vecordes,
525 1586 795 1634 concordesque
820 1586 1006 1630 dicuntur,
1034 1593 1070 1622 et
1089 1585 1225 1622 Nasica
1243 1586 1306 1623 ille

123 1640 298 1688 prudens,
317 1640 372 1677 bis
392 1640 534 1683 consul,
560 1640 764 1683 Corculum,
785 1646 822 1675 et

309 1719 447 1761 Egregie
463 1719 616 1750 cordatus
631 1719 739 1757 homo,
754 1718 853 1749 Catus
869 1717 978 1748 AElius
993 1717 1123 1749 Sextus.

1324 579 1360 610 17

1326 1114 1362 1143 18

126 1798 374 1847 Empedocles
394 1798 559 1834 animum
579 1810 659 1833 esse
680 1803 804 1833 censet
824 1797 924 1832 cordi
943 1796 1127 1832 suffusum
1154 1797 1304 1845 sangui·
1326 1807 1363 1837 19

125 1864 225 1889 nem.
279 1852 376 1888 Aliis
396 1864 479 1900 pars
499 1851 673 1899 quaedam
692 1850 830 1886 cerebri
852 1850 932 1886 visa
951 1857 1006 1886 est
1030 1850 1141 1886 animi
1169 1851 1305 1898 princi-

126 1912 257 1954 patum
280 1911 417 1941 tenere.
464 1904 561 1940 Aliis
590 1917 658 1939 nec
685 1916 746 1939 cor
773 1903 897 1951 ipsum
922 1903 1044 1951 placet
1071 1916 1138 1939 nec
1167 1904 1306 1940 cerebri

124 1959 313 2007 quandam
334 1964 474 2006 partem
495 1970 574 1993 esse
600 1957 789 1993 animum:
822 1957 887 1992 sed
905 1957 969 1992 alii
987 1957 1023 1992 in
1045 1957 1165 2000 corde,
1187 1957 1249 1992 alii
1266 1957 1304 1993 in

127 2012 274 2049 cerebro
293 2011 471 2047 dixerunt
489 2010 603 2046 animi
618 2022 697 2046 esse
717 2010 842 2046 sedem
861 2016 898 2046 et
924 2010 1062 2046 locum.
1123 2010 1305 2046 Animum

126 2072 252 2102 autem
281 2065 343 2100 alii
371 2065 545 2106 animam,
579 2070 623 2099 ut
648 2064 721 2100 fere
753 2063 881 2099 nostri.
936 2063 1111 2099 Declarat
1140 2076 1302 2100 nomen:

128 2131 215 2155 nam
234 2125 271 2154 et
289 2130 397 2167 aqere
421 2118 575 2154 animam
603 2123 640 2153 et
668 2117 790 2166 efflare
810 2116 980 2160 dicimus,
1011 2124 1047 2152 et
1075 2117 1250 2152 animosos
1268 2124 1305 2153 et

129 2172 217 2208 bene
236 2173 410 2207 animatos
429 2177 466 2206 et
485 2183 530 2206 ex
549 2172 660 2207 animi
677 2171 878 2213 sententia;
908 2169 987 2218 ipse
1012 2175 1133 2206 autem
1159 2170 1304 2206 animus

128 2226 174 2262 ab
200 2226 322 2261 anima
348 2224 469 2260 dietus
495 2230 563 2260 est.
617 2224 758 2260 Zenoni
791 2223 915 2259 Stoico
947 2222 1094 2259 animus
1124 2223 1221 2272 ignis
1250 2224 1303 2259 vi-

129 2279 249 2315 detur.

182 2331 233 2367 X.
269 2331 342 2367 Sed
366 2331 448 2367 haec
477 2330 638 2378 quidem,
667 2342 754 2378 quae
781 2329 874 2373 dixi,
901 2341 973 2373 cor,
1001 2330 1201 2373 cerebrum,
1223 2329 1303 2365 ani·
1323 2340 1362 2369 20

130 2396 241 2430 mam,
273 2383 409 2434 ignem,
445 2384 581 2433 vulgo:
616 2383 758 2431 reliqua
785 2383 860 2419 fere
890 2382 1038 2431 singuli.
1106 2383 1162 2420 Ut
1194 2382 1305 2420 multi
