1471 2585
219 83 270 118 34
536 91 740 117 ‘ruscumn
769 91 1069 117 DISPUTATIONS.
1179 77 1397 129 [99-—101-

216 199 308 232 rem,
328 199 447 235 quum
477 186 559 223 haec
587 186 835 235 exquirerem,
856 186 952 223 sicut
979 186 1038 223 hic
1067 187 1258 232 faciebam,
1279 185 1400 235 capite

218 240 423 276 damnarer.
482 240 538 276 Ne
573 252 639 276 vos
665 240 828 288 quidem,
844 240 1001 289 judices,
1022 240 1060 284 ii,
1089 241 1154 289 qui
1186 253 1245 276 me
1274 239 1400 276 absol-

161 302 200 332 99
219 293 336 337 vistis,
356 301 511 330 mortem
533 293 743 330 timueritis.
791 293 871 330 Nec
890 294 988 330 enim
1010 294 1183 342 cuiquam
1198 294 1296 330 bono
1312 292 1399 329 mali

218 347 420 395 quicquam
441 346 586 382 evenire
606 353 740 394 potest,
759 359 826 383 nec
847 347 933 382 vivo
951 359 1019 383 nec
1037 358 1195 391 mortuo,
1218 359 1285 383 nec
1311 358 1399 382 um-

218 412 329 448 quam
351 400 430 449 ejus
450 412 507 436 res
527 412 549 435 a
568 399 638 435 diis
657 400 928 437 immortalibus
947 400 1193 449 negligentur,
1214 413 1281 436 nec
1308 399 1400 435 mihi

216 453 287 502 ipsi
308 453 378 489 hoc
398 453 531 489 accidit
550 453 714 490 fortuito.
771 453 850 490 Nec
870 466 955 489 vero
976 466 1044 502 ego
1064 454 1120 497 iis,
1141 467 1162 490 a
1180 454 1318 502 quibus
1337 465 1398 489 ac-

217 513 368 543 cusatus
389 514 455 542 aut
469 519 491 542 a
509 507 646 554 quibus
666 507 934 543 condemnatus
954 519 1048 549 sum,
1062 507 1180 543 habeo
1199 507 1299 555 quod
1315 518 1399 542 suc-

217 572 399 602 censeam,
429 560 502 596 nisi
533 560 635 608 quod
669 560 759 596 mihi
786 573 918 596 nocere
952 573 989 596 se
1018 558 1291 596 crediderunt.’'
1348 559 1400 596 Et

215 612 299 649 haec
318 613 470 661 quidem
489 613 558 650 hoc
577 613 700 649 modo.
759 613 865 650 Nihil
893 620 1018 650 autem
1047 613 1179 649 melius
1203 620 1397 649 extremo:

218 667 241 683 “
259 666 334 702 Sed
353 674 500 726 tempus
520 673 588 710 est,
608 666 743 715 inquit,
757 667 835 714 jam
855 666 941 702 hinc
961 667 1059 702 abire
1080 679 1150 710 me,
1172 673 1214 703 ut
1241 666 1396 710 moriar;

216 731 296 763 vos,
332 726 373 755 ut
409 720 521 756 vitam
555 719 686 768 agatis.
745 720 882 756 Utrum
918 727 1042 756 autem
1081 720 1130 756 sit
1164 719 1309 764 melius,
1347 719 1399 755 dii

215 772 444 809 immortales
464 773 609 817 sciunt;
639 772 828 810 hominem
858 773 1009 821 quidem
1040 773 1131 809 scire
1159 773 1315 809 arbitror
1331 785 1398 809 ne-

215 826 394 862 minem.’'

269 879 402 916 XLII.
433 879 505 916 Nae
540 893 608 929 ego
638 880 738 916 haud
770 880 898 928 paullo
932 880 1031 916 hunc
1061 879 1225 915 animum
1258 879 1397 922 malim,

216 944 329 980 quam
349 945 477 969 eorum
496 933 663 969 omnium
683 932 861 977 fortunas,
878 933 942 981 qui
961 934 1006 969 de
1024 933 1094 969 hoc
1107 932 1396 981 judicaverunt3

215 986 298 1030 etsi,
319 986 420 1034 quod
452 994 587 1035 praeter
617 987 704 1023 deos
735 994 848 1035 negat
877 987 966 1023 scire
1000 998 1237 1034 quemquam,
1264 985 1302 1021 id
1331 986 1400 1022 scit

214 1038 307 1087 ipse,
328 1048 453 1075 utrum
471 1040 518 1076 sit
536 1040 692 1084 melius3
723 1052 809 1076 nam
829 1040 927 1075 dixit
946 1048 1054 1082 ante;
1077 1040 1141 1074 sed
1161 1051 1271 1075 suum
1289 1038 1396 1082 illud,

139 1100 198 1130 100
215 1092 308 1128 nihil
328 1099 370 1128 ut
388 1093 556 1137 affirmet,
577 1100 677 1129 tenet
697 1094 742 1129 ad
763 1100 986 1129 extremum.
1031 1092 1110 1128 Nos
1125 1099 1252 1128 autem
1271 1098 1398 1128 tenea-

135 1953 192 1982 101

214 1158 312 1189 mus,
334 1152 376 1181 ut
393 1146 485 1182 nihil
505 1159 720 1182 censeamus
740 1159 819 1182 esse
839 1146 992 1189 malurn,
1013 1145 1113 1194 quod
1141 1145 1189 1181 sit
1217 1158 1239 1181 a
1265 1152 1399 1182 natura

214 1199 342 1235 datum
374 1199 559 1244 omnibus,
592 1200 934 1248 intelligamusque,
966 1199 997 1234 si
1029 1211 1126 1234 mors
1163 1199 1301 1234 malum
1336 1199 1396 1243 sit,

214 1264 293 1288 esse
333 1252 600 1301 sempiternum
635 1253 788 1289 malum.
853 1253 950 1289 Nam
991 1252 1077 1288 vitae
1114 1252 1260 1288 miserae
1297 1265 1396 1289 mors

213 1305 298 1341 finis
318 1318 398 1342 esse
419 1306 564 1342 videtur
579 1321 588 1351 3
620 1318 718 1342 mors
751 1306 780 1342 si
809 1311 865 1342 est
894 1305 1038 1348 misera,
1059 1305 1144 1341 finis
1173 1317 1252 1341 esse
1271 1305 1397 1342 nullus

212 1365 348 1406 potest.

267 1412 341 1447 Sed
361 1411 451 1460 quid
470 1424 538 1460 ego
561 1413 748 1448 Socratem
777 1418 844 1448 aut
871 1411 1153 1455 Theramenem,
1175 1418 1396 1460 praestantes

212 1464 312 1500 viros
344 1443 557 1501 virt11tis⁰et
590 1465 782 1513 sapientiae
811 1465 938 1514 gloria,
971 1465 1247 1501 commemoro?
1278 1477 1394 1512 quum

213 1517 523 1554 Lacedaemonius
543 1518 706 1566 quidam,
728 1518 834 1567 cujus
854 1531 900 1554 ne
928 1530 1063 1554 nomen
1092 1519 1241 1566 quidem
1270 1518 1395 1566 prodi·

213 1577 294 1608 tum
311 1579 379 1616 est,
400 1578 557 1607 mortem
578 1578 681 1607 tanto
701 1584 810 1620 opere
829 1572 1105 1620 contempserit,
1126 1579 1180 1615 ut,
1201 1584 1319 1619 quum
1348 1572 1395 1608 ad

212 1637 294 1661 eam
315 1625 511 1661 duceretur
529 1625 726 1661 damnatus
746 1625 792 1660 ab
813 1624 972 1673 Ephoris
991 1632 1028 1660 et
1047 1632 1143 1660 esset
1162 1625 1270 1661 vultu
1289 1624 1396 1661 hilari

213 1684 325 1726 atque
344 1678 444 1722 laeto,
462 1678 694 1725 dixissetque
710 1679 743 1714 ei
761 1678 910 1726 quidam
927 1677 1098 1713 inimicus
1113 1691 1120 1714 ε
1146 1677 1395 1714 contemnisne

214 1730 310 1780 leyes
330 1730 522 1780 Lycurqi?
542 1732 771 1779 responderit
788 1745 796 1768 :
827 1731 907 1780 qu
927 1744 1010 1767 vero
1027 1731 1085 1766 illi
1103 1732 1292 1767 maximam
1305 1744 1392 1780 yra-

212 1786 298 1820 tiam
318 1784 442 1827 habeo,
463 1786 526 1834 qui
544 1798 595 1820 me
615 1797 657 1821 ea
673 1798 785 1833 poena
804 1785 1021 1828 multaverit,
1039 1797 1143 1833 quam
1163 1785 1240 1820 sine
1254 1790 1394 1820 mutua-

213 1839 306 1873 tione
327 1843 360 1873 et
375 1840 453 1874 sine
473 1850 623 1874 versura
637 1851 779 1887 possem
799 1837 1009 1874 dissolvere.
1068 1838 1101 1874 O
1119 1838 1239 1873 virum
1260 1838 1394 1885 Sparta

213 1890 391 1938 dignum!
424 1899 466 1927 ut
485 1891 576 1926 mihi
594 1892 757 1938 quidem,
779 1892 842 1940 qui
863 1899 939 1927 tam
966 1903 1101 1939 magno
1130 1891 1252 1926 animo
1271 1891 1393 1934 fuerit,

213 1943 390 1979 innocens
409 1944 605 1980 damnatus
635 1957 713 1980 esse
734 1945 914 1981 videatur.
972 1945 1081 1980 Tales
1109 1943 1394 1980 innumerabiles

213 2004 338 2033 nostra
358 1997 486 2033 civitas
505 1997 606 2032 tulit.
664 1998 735 2033 Sed
757 1998 846 2046 quid
866 1999 978 2034 duces
997 2004 1034 2034 et
1060 1996 1243 2046 principes
1272 1997 1393 2033 nomi-

213 2062 312 2094 nem,
333 2062 448 2099 quum
469 2050 632 2098 legiones
653 2046 789 2087 scribat
805 2051 859 2088 M.
879 2051 971 2087 Cato
985 2063 1085 2098 saepe
1102 2050 1238 2086 alacres
1254 2050 1291 2086 in
1306 2062 1391 2086 eum

213 2103 338 2139 locum
368 2104 560 2151 profectas,
593 2104 691 2139 unde
720 2104 901 2140 redituras
933 2117 971 2140 se
1000 2115 1074 2139 non
1103 2102 1391 2139 arbitrarentur?

214 2155 300 2192 Pari
320 2157 444 2192 animo
465 2156 739 2193 Lacedaemonii
757 2157 796 2194 in
820 2156 1080 2206 Thermopylis
1108 2156 1333 2200 oeciderunt,
1353 2156 1391 2192 in

212 2221 306 2257 quos
325 2209 534 2246 Simonides
551 2223 558 2247 :

341 2271 414 2309 Dic,
429 2272 557 2312 hospes,
571 2272 709 2312 Spartoe,
723 2281 782 2302 nos
797 2276 829 2302 te
844 2272 898 2303 hic
913 2273 1032 2303 vidisse
1044 2272 1200 2313 jacenteS,

383 2314 470 2345 Dum
486 2316 606 2345 sanctis
621 2315 736 2355 patriae
751 2315 876 2355 legibus
890 2316 1107 2355 obsequimur.

215 2367 338 2419 [Quid
363 2370 426 2407 ille
458 2371 536 2407 dux
567 2371 754 2407 Leonidas
784 2371 900 2408 dicit?
955 2370 1104 2420 Peryite
1140 2371 1258 2407 animo
1282 2371 1389 2419 forti,
