1471 2585
160 110 181 145 8
487 119 691 145 ’ruscum
720 119 1017 145 nrspuunons.
1169 105 1252 158 [21,
1272 110 1336 147 22:

159 218 244 248 ante
259 217 413 255 veteres,
431 211 601 259 proxime
619 217 744 247 autem
757 210 1019 255 Aristoxenus,
1036 211 1200 248 musicus
1219 212 1337 248 idem-

161 277 234 313 que
252 265 507 313 philosophus,
528 264 646 312 ipsius
672 265 833 312 corporis
855 265 1100 301 intentionem
1120 265 1308 313 quandam
1326 279 1335 303 :

160 318 264 354 velut
289 319 325 354 in
346 326 456 354 cantu
481 324 518 353 et
544 318 680 354 fidibus
707 330 793 366 quae
821 318 1011 354 harmonia
1035 319 1179 362 dicitur,
1207 319 1257 354 sic
1287 331 1336 355 ex

161 371 322 419 corporis
342 372 455 407 totius
474 377 607 406 natura
628 378 665 407 et
689 371 806 420 figura
831 371 949 407 varios
975 379 1097 408 motus
1123 372 1219 415 cieri,
1242 378 1336 408 tam-

161 436 273 472 quam
293 424 330 460 in
351 431 462 460 cantu
483 436 605 460 sonOS.
657 424 731 460 Hic
750 425 795 460 ab
816 424 968 460 artificio
998 437 1065 461 suo
1095 437 1168 461 non
1189 426 1338 461 recessit

161 484 198 513 et
228 484 351 514 tamen
383 478 480 513 dixit
508 477 660 525 aliquid,
693 478 792 525 quod
821 478 947 526 ipsum
980 478 1088 526 quale
1117 485 1226 520 esset,
1259 484 1338 514 erat

161 531 280 567 multo
299 538 384 566 ante
402 538 439 566 et
456 531 598 566 dictum
617 537 654 566 et
676 530 917 579 explanatum
943 544 963 566 a
986 531 1150 568 Platone.
1208 531 1336 567 Xeno-

161 591 278 621 crates
297 584 411 620 animi
429 584 584 632 figuram
601 590 638 619 et
653 584 759 631 quasi
779 596 911 632 corpus
930 585 1079 633 negavit
1098 597 1189 626 esse,
1208 597 1336 621 verum

159 649 356 673 numerum
377 638 474 673 dixit
493 649 584 680 esse,
610 637 716 685 cujus
739 638 807 681 vis,
834 644 878 673 ut
901 637 978 685 jam
1005 645 1090 674 ante
1111 638 1336 686 Pythagorae

162 691 282 727 visum
304 697 393 733 erat,
413 690 451 726 in
470 697 603 726 natura
625 690 790 726 maxima
815 698 923 726 esset.
970 690 1063 739 Ejus
1079 691 1207 727 doctor
1226 691 1336 728 Plato

161 743 343 792 triplicem
358 744 470 780 finxit
483 744 661 787 animum,
684 743 791 792 cujus
814 744 1074 792 principatum,
1094 744 1131 780 id
1150 751 1206 780 est
1223 745 1335 781 ratio-

159 810 259 841 nem,
289 797 328 833 in
357 797 476 845 capite
508 797 603 832 sicut
635 796 673 832 in
706 809 786 833 arce
815 797 940 845 posuit
972 804 1009 833 et
1034 797 1127 833 duas
1152 804 1273 845 partes
1302 799 1337 834 ei

159 862 286 898 parere
306 850 436 893 voluit,
456 850 546 886 iram
572 857 608 886 et
633 850 886 898 cupiditatem,
908 863 1001 898 quas
1026 850 1117 886 locis
1140 850 1334 888 disclusit:

159 903 251 939 iram
276 903 314 939 in
341 911 498 952 pectore,
530 903 770 951 cupiditatem
798 904 924 939 subter
955 904 1157 951 praecordia
1186 904 1335 940 locavit.

103 967 139 997 21
161 956 402 993 Dicaearchus
421 964 544 992 autem
564 957 602 991 in
625 969 668 992 eo
692 969 870 1000 sermone,
901 969 1012 1004 quem
1037 956 1205 993 Corinthi
1230 957 1335 993 habi-

160 1016 242 1046 tum
261 1010 379 1046 tribus
403 1010 505 1046 libris
528 1009 695 1058 exponit,
717 1010 908 1046 doctorum
929 1010 1122 1046 hominum
1143 1010 1336 1059 disputan-

159 1063 253 1100 tium
285 1064 402 1111 primo
431 1063 524 1099 libro
553 1063 692 1099 multos
715 1063 912 1111 loquentes
937 1064 1035 1108 facit,
1062 1063 1210 1099 duobus
1237 1063 1336 1100 Phe-

158 1124 335 1153 recratem
381 1117 580 1165 quendam,
626 1116 839 1152 Phthiotam
887 1128 1025 1159 senem,
1071 1129 1182 1164 quem
1225 1116 1276 1153 ait
1315 1129 1337 1154 a

159 1169 389 1206 Deucalione
418 1177 551 1213 ortum,
582 1169 821 1204 disserentem
849 1169 1003 1213 inducit,
1031 1170 1124 1205 nihil
1150 1182 1228 1205 esse
1255 1182 1335 1206 om-

158 1223 248 1260 nino
268 1224 433 1260 animum
453 1229 491 1258 et
515 1223 583 1258 hoc
600 1235 678 1258 esse
693 1235 829 1258 nomen
848 1228 967 1258 totum
988 1223 1107 1265 inane,
1127 1222 1335 1271 frustraque

159 1277 331 1313 animalia
351 1283 387 1312 et
412 1276 616 1311 animantes
641 1275 828 1323 appellari,
849 1287 968 1323 neque
988 1276 1022 1311 in
1044 1276 1194 1311 homine
1214 1276 1335 1313 inesse

158 1330 323 1366 animum
343 1328 403 1365 vel
424 1329 583 1364 animam
601 1341 668 1363 nec
688 1328 727 1363 in
750 1328 881 1372 bestia,
905 1329 1053 1376 vimque
1072 1341 1220 1364 omnem
1240 1341 1333 1372 earn,

158 1395 234 1430 qua
251 1383 309 1419 vel
331 1394 483 1431 agamus
503 1382 592 1430 quid
613 1381 672 1416 vel
698 1382 913 1425 sentiamus,
938 1382 975 1417 in
1003 1383 1174 1418 omnibus
1205 1394 1333 1431 corpo-

157 1437 258 1472 ribus
289 1435 384 1472 vivis
414 1435 648 1495 aequabiliter
684 1446 763 1470 esse
794 1435 913 1470 fusam
945 1446 1012 1470 nec
1042 1435 1284 1495 separabilem
1314 1448 1335 1472 a

157 1501 308 1549 corpore
334 1501 426 1532 esse,
456 1488 594 1536 quippe
625 1499 710 1535 quae
735 1487 841 1523 nulla
866 1488 924 1530 sit,
954 1500 1020 1524 nec
1047 1489 1095 1524 sit
1118 1489 1332 1536 quicquam,

157 1542 230 1578 nisi
247 1555 380 1590 corpus
403 1554 518 1577 unum
549 1548 584 1576 et
610 1540 782 1588 simpleX‚
810 1541 862 1576 ita
888 1541 1100 1589 figuratum,
1131 1548 1173 1577 ut
1192 1549 1333 1590 tempe-

100 1605 140 1634 22
157 1595 297 1632 ratione
317 1602 460 1630 naturae
482 1595 603 1642 vigeat
622 1601 659 1629 et
681 1594 828 1629 sentiat.
886 1594 1105 1630 Aristoteles
1124 1595 1232 1643 longe
1252 1607 1332 1631 om-

156 1649 268 1685 nibus
287 1648 502 1697 (Platonem
529 1659 674 1694 semper
690 1644 855 1695 excipio)
874 1654 1054 1695 praestans
1073 1655 1110 1683 et
1128 1648 1277 1696 ingenio
1297 1656 1333 1684 et

157 1702 359 1751 diligentia,
380 1713 496 1749 quum
516 1708 692 1748 quattuor
707 1706 795 1736 nota
820 1700 884 1735 illa
909 1713 1043 1749 genera
1069 1701 1333 1749 principiorum

157 1763 254 1791 esset
287 1755 519 1803 complexus,
550 1766 569 1789 e
598 1753 735 1801 quibus
768 1753 892 1789 omnia
929 1761 1130 1798 orerentur,
1164 1754 1333 1801 quintam

157 1809 346 1856 quandam
366 1815 535 1843 naturam
556 1813 681 1843 censet
699 1819 791 1850 esse,
813 1819 831 1842 e
848 1819 921 1854 qua
941 1807 988 1842 sit
1007 1819 1123 1843 mens.
1161 1807 1333 1855 Cogitate

157 1862 256 1897 enim
276 1868 312 1897 et
331 1861 522 1909 providere
540 1867 576 1895 et
594 1860 732 1896 discere
751 1867 787 1895 et
801 1860 929 1895 docere
945 1868 982 1895 et
997 1860 1160 1896 invenire
1179 1860 1332 1908 aliquid,

159 1922 195 1951 et
225 1922 300 1951 tam
333 1914 452 1950 multa
481 1914 563 1955 alia,
597 1913 819 1956 meminisse,
854 1925 987 1957 amare,
1020 1913 1152 1956 odisse,
1187 1926 1332 1962 cupere,

158 1969 299 2012 timere,
327 1967 424 2015 angi,
454 1966 591 2002 laetari:
631 1966 712 2001 haec
744 1974 781 2001 et
810 1966 944 2001 similia
977 1978 1102 2002 eorum
1133 1967 1171 2002 in
1201 1967 1333 2003 horum

158 2028 335 2069 quattuor
352 2032 530 2069 generum
550 2019 670 2054 inesse
696 2019 800 2063 nullo
827 2026 945 2067 putat.
1005 2019 1189 2057 Quintum
1214 2032 1331 2068 genus

157 2075 309 2110 adhibet
333 2085 468 2110 vacans
498 2072 659 2115 nomine,
694 2078 730 2107 et
761 2072 812 2107 sic
841 2072 965 2120 ipsum
995 2072 1160 2108 animum
1191 2071 1333 2109 ἐνδελέ-

158 2142 268 2176 χειαν
284 2127 446 2175 appellat
465 2138 562 2161 novo
579 2125 740 2168 nomine,
755 2126 860 2173 quasi
877 2126 1064 2173 quandam
1079 2126 1332 2162 continuatam

157 2181 358 2217 motionem
379 2187 416 2216 et
435 2191 646 2227 perennem.

211 2233 283 2270 XI.
326 2233 409 2269 Nisi
439 2245 524 2280 quae
562 2244 620 2267 me
650 2230 741 2267 forte
776 2231 938 2279 fugiunt,
971 2232 1030 2268 hae
1060 2238 1147 2268 sunt
1180 2232 1254 2268 fere
1286 2232 1332 2268 de

157 2287 280 2323 animo
313 2286 521 2322 sententiae.
588 2284 843 2321 Democritum
873 2285 985 2328 enim,
1016 2297 1194 2332 magnum
1222 2285 1330 2321 illum

158 2340 308 2388 quidem
355 2339 486 2382 virum,
531 2338 594 2374 sed
633 2337 779 2373 levibus
821 2345 858 2374 et
897 2338 1064 2374 rotundis
1104 2338 1332 2387 corpusculis

157 2393 375 2430 efficientem
401 2393 566 2429 animum
591 2403 773 2428 concursu
800 2391 961 2440 quodam
989 2391 1151 2436 fortuito,
1182 2392 1330 2429 omitta-
