1471 2585
104 59 296 111 32—35.]
477 73 580 97 BOOK
601 73 637 98 v.
660 73 776 97 anP.
803 63 860 106 11,
886 63 945 97 12.
1215 66 1288 100 129

104 174 185 204 tum
214 180 331 215 quum
362 167 487 204 dolore
518 167 712 211 crucietur,
733 167 918 204 dicturum
947 181 1026 204 esse
1052 168 1287 216 sapientem?

106 221 192 257 Non
214 221 326 270 igitur
346 233 392 256 ex
415 220 571 268 singulis
586 221 737 257 vocibus
753 221 966 270 philosophi
981 221 1172 270 spectandi
1188 229 1288 266 sunt,

64 283 67 286 '
108 275 170 310 sed
192 287 238 310 ex
259 274 502 323 perpetuitate
522 280 633 321 atque
651 275 871 311 constantia.

162 327 234 364 XI.
265 326 315 364 A.
345 327 512 363 Adducis
532 339 602 370 me,
622 333 664 362 ut
683 327 751 363 tibi
771 327 960 365 assentiar.
1020 328 1094 364 Sed
1114 334 1178 364 tua
1197 340 1289 375 quo-
1331 339 1336 346 ·

52 413 60 415 „
111 393 195 429 que,
241 380 334 424 vide,
374 393 419 415 ne
456 380 684 416 desideretur
726 381 945 417 constantia.
1010 380 1069 417 M.
1115 382 1291 420 Quonam

111 433 249 470 modo?
306 433 356 470 A.
389 433 489 472 Quia
508 433 580 481 legi
598 441 703 469 tuum
724 446 841 482 nuper
861 441 1034 481 quartum
1055 435 1099 470 de
1120 434 1290 471 Finibus.

112 487 158 523 In
178 499 220 522 eo
240 487 332 522 mihi
350 487 521 522 videbare
552 494 678 522 contra
697 487 879 523 Catonem
898 488 1080 523 disserens
1100 487 1169 523 hoc
1198 487 1292 523 velle

113 541 317 584 ostendere,
345 541 444 588 quod
469 540 559 575 mihi
589 539 740 587 quidem
771 541 958 588 probatur,
988 541 1082 576 inter
1103 541 1293 577 Zenonem

113 599 150 629 et
182 593 448 642 Peripateticos
478 593 571 628 nihil
601 600 737 641 praeter
768 594 963 630 verborum
1001 594 1203 629 novitatem
1236 593 1294 629 in-

112 653 261 682 teresse.
319 647 430 685 Quod
468 646 497 682 si
533 646 585 682 ita
621 653 688 689 est,
721 646 811 695 quid
848 653 904 682 est
940 659 1094 690 caussae,
1129 647 1233 695 quin,
1264 647 1293 682 si

114 700 276 736 Zenonis
296 700 427 736 rationi
447 706 737 735 consentaneum
757 700 816 743 sit,
837 700 924 736 satis
952 713 1123 746 magnam
1152 700 1225 735 vim
1254 699 1295 736 in

114 753 249 789 virtute
270 766 349 789 esse
369 754 415 789 ad
433 753 539 789 beate
559 753 774 796 vivendum,
792 753 901 789 liceat
919 753 1017 789 idem
1039 753 1294 802 Peripateticis

115 806 262 842 dicere?
291 819 367 842 rem
400 807 498 842 enim
530 806 659 854 opinor
688 806 846 854 spectari
874 814 1052 855 oportere,
1072 819 1146 842 non
1171 807 1291 842 verba.

1310 334 1326 362 (Α

1332 334 1349 362 [υ

115 858 175 896 Μ.
206 860 266 896 Tu
287 860 437 907 quidem
459 859 602 895 tabellis
622 859 825 908 obsignatis
840 861 918 908 agis
938 873 1084 896 mecum
1105 867 1142 895 et
1161 859 1291 895 testifi-
1311 865 1350 894 33

115 913 218 957 caris,
241 914 331 961 quid
350 913 506 949 dixerim
530 913 728 961 aliquando
749 920 813 948 aut
832 913 1052 961 scripserim.
1103 914 1198 949 Cum
1211 912 1295 949 aliis

114 966 186 1002 isto
205 967 327 1010 modo,
349 967 413 1015 qui
432 966 576 1014 legibus
595 965 778 1014 impositis
805 966 1021 1015 disputant3
1053 979 1120 1002 nos
1139 966 1177 1002 in
1197 966 1296 1002 diem

115 1019 300 1064 vivimus3
331 1020 581 1068 quodcunque
598 1026 744 1055 nostros
763 1019 906 1056 animos
935 1019 1193 1068 probabilitate
1212 1032 1296 1067 per-

117 1073 243 1116 cussit,
263 1073 301 1108 id
320 1073 503 1116 dicinius3
535 1072 659 1119 itaque
680 1072 749 1108 soli
775 1085 905 1108 sumus
933 1073 1052 1110 liberi.
1108 1072 1297 1109 Verunta-

115 1137 201 1161 men
221 1126 396 1174 quoniam
417 1126 461 1161 de
481 1125 686 1161 constantia
704 1125 830 1173 paullo
845 1132 930 1162 ante
947 1126 1124 1170 diximus,
1140 1138 1215 1161 non
1230 1138 1297 1174 ego

115 1178 186 1214 hoc
204 1179 286 1215 loco
304 1179 341 1215 id
361 1179 607 1227 quaerendum
634 1185 738 1226 put0,
758 1191 935 1214 verumne
957 1179 1015 1223 sit,
1036 1179 1134 1226 quod
1156 1178 1299 1214 Zenoni

116 1232 297 1280 placuerit
329 1233 502 1280 quodque
533 1231 615 1280 ejus
647 1231 807 1267 auditori
836 1231 1014 1275 Aristoni,
1048 1232 1187 1267 bonnm
1218 1244 1298 1267 esse

118 1285 252 1330 solum,
273 1285 374 1334 quod
401 1285 598 1321 honestum
629 1291 748 1328 esset;
781 1285 844 1320 sed
873 1285 904 1320 si
930 1285 983 1321 ita
1011 1290 1119 1329 esset,
1148 1292 1227 1321 tum
1257 1290 1300 1320 ut

117 1344 240 1374 totum
258 1339 328 1374 hoc
346 1339 452 1374 beate
474 1338 598 1374 vivere
625 1338 662 1373 in
693 1350 766 1373 una
794 1338 929 1374 virtute
952 1345 1116 1386 poneret.
1174 1338 1299 1376 Quare

119 1392 251 1428 demus
279 1392 349 1428 hoc
378 1404 464 1427 sane
494 1392 622 1434 Bruto,
646 1396 690 1426 ut
716 1391 763 1426 sit
790 1391 922 1427 beatus
951 1404 1096 1439 semper
1125 1391 1297 1439 sapiens;

120 1458 231 1493 quam
252 1445 322 1481 sibi
342 1444 549 1487 conveniat,
568 1445 647 1493 ipse
667 1443 812 1480 viderit.
871 1444 999 1480 Gloria
1018 1444 1169 1493 quidem
1188 1444 1300 1492 hujus

121 1499 316 1534 sententiae
338 1497 423 1546 quis
443 1504 499 1533 est
516 1498 580 1533 illo
598 1496 676 1532 viro
697 1497 871 1546 dignior?
929 1498 1009 1534 Nos
1029 1506 1152 1534 tamen
1174 1505 1300 1534 tenea-

120 1563 217 1595 muS,
238 1558 281 1587 ut
298 1551 347 1587 sit
364 1551 461 1586 idem
478 1550 728 1587 beatissimus.

175 1604 271 1641 XII.
304 1604 353 1640 Et
374 1604 404 1639 si
424 1604 525 1640 Zeno
547 1603 702 1647 Citieus,
722 1603 866 1640 advena
884 1603 1034 1651 quidam
1064 1610 1101 1639 et
1128 1603 1303 1651 ignobilis

122 1658 320 1694 verborum
340 1657 478 1705 opifex,
500 1657 706 1693 insinuasse
719 1658 810 1692 sein
823 1658 1013 1704 antiquam
1030 1656 1302 1704 philosophiam

124 1711 283 1755 videtur,
304 1710 415 1759 hujus
435 1710 632 1746 sententiae
651 1709 813 1758 gravitas
842 1723 863 1746 a
891 1710 1059 1745 Platonis
1085 1710 1304 1745 auctoritate

123 1770 323 1811 repetatur.
381 1764 495 1811 Apud
524 1775 636 1811 quem
660 1775 759 1810 saepe
787 1763 868 1799 haec
897 1763 1011 1799 oratio
1040 1769 1216 1810 usurpata
1234 1769 1302 1806 est,

125 1823 168 1852 ut
199 1817 294 1852 nihil
324 1824 458 1865 praeter
491 1816 665 1851 virtutem
695 1816 877 1851 diceretur
910 1816 1062 1852 bonum.
1119 1815 1238 1851 Velut
1265 1816 1304 1851 in

128 1870 265 1918 Gorgia
279 1870 460 1911 Socrates,
474 1881 589 1917 quum
610 1874 706 1903 esset
721 1881 769 1904 ex
789 1881 831 1904 eo
849 1869 1062 1916 quaesitum,
1079 1869 1305 1904 Archelaum

127 1923 316 1959 Perdiccae
357 1922 489 1965 filium,
528 1921 592 1969 qui
631 1928 708 1956 tum
746 1922 1059 1958 fortunatissimus
1096 1922 1304 1965 haberetur,

125 1988 249 2012 nonne
274 1977 424 2012 beatum
451 1974 624 2023 putaret?
682 1975 796 2011 Haud
819 1975 904 2019 scio,
924 1975 1066 2023 inquit3
1098 1986 1305 2022 numquam

127 2029 224 2065 enirn
258 2041 343 2065 cum
373 2041 415 2064 eo
446 2028 651 2063 collocutus
683 2028 920 2064 sum.—Ain’
948 2029 1019 2064 tu?
1050 2041 1095 2063 an
1130 2027 1235 2063 aliter
1266 2026 1306 2062 id

128 2083 218 2118 seire
239 2095 312 2117 non
332 2088 460 2130 potes.
450 2081 516 2108 ‘²-
521 2080 639 2116 Nullo
659 2082 781 2117 modo.
787 2082 925 2117 —Tu
916 2082 1029 2129 1gitur
1048 2093 1093 2116 ne
1112 2081 1157 2115 de
1173 2080 1306 2116 Persa-

126 2147 208 2176 rum
239 2135 389 2183 quidem
415 2147 499 2182 rege
528 2146 662 2181 magno
689 2142 794 2183 potes
819 2134 950 2177 dicere,
973 2135 1150 2169 beatusne
1178 2132 1306 2168 sit?—

128 2189 189 2224 An
210 2201 277 2236 ego
297 2188 447 2236 possim,
469 2199 585 2234 quum
612 2186 789 2235 ignorem,
812 2199 924 2246 quam
955 2186 1002 2222 sit
1031 2187 1174 2230 doctus,
1194 2197 1305 2233 quam

127 2241 184 2276 vir
201 2242 321 2277 bonus
335 2240 533 2279 ?-Quid.
523 2239 536 2265 7
566 2247 606 2276 tu
624 2240 663 2276 in
683 2254 726 2276 eo
746 2241 853 2276 sitam
873 2240 987 2274 vitam
1005 2239 1147 2274 beatam
1166 2238 1305 2298 putas?

128 2294 243 2330 —Ita
260 2307 407 2342 prorsus
424 2293 610 2337 existimo,
630 2294 748 2329 bonos
766 2294 906 2335 beatos,
926 2292 1114 2339 improbos
1139 2291 1304 2327 miseros.

129 2347 298 2383 —-Miser
328 2359 414 2395 ergo
448 2346 652 2382 Archelaus
669 2346 863 2390 ?—Certe,
896 2345 925 2381 si
959 2343 1306 2394 injustus—Vide-

1318 1343 1359 1371 34-
