1471 2585
196 126 268 162 128
511 136 713 161 Tuscumn
745 136 1042 162 DISPUTATIONS.
1182 122 1370 175 [29—31.

192 243 303 279 quam
340 231 378 267 in
415 231 483 266 hac
521 231 773 279 disputatione
809 231 1049 280 suscepimus,
1089 245 1217 268 omnes
1252 232 1372 270 bonos

193 297 338 332 semper
365 285 492 320 beatos
522 284 697 320 volumus
726 297 818 320 esse.
876 285 979 323 Quid
998 285 1116 321 dicam
1138 286 1266 330 bonos,
1289 298 1371 334 per-

193 337 365 384 spicuum
397 344 476 380 est3
522 338 694 373 omnibus
731 338 829 374 enim
863 338 1063 374 virtutibus
1097 339 1298 375 instructos
1334 345 1372 375 et

192 399 340 426 ornatos
360 398 439 426 tum
462 390 658 438 sapientes,
679 397 758 427 tum
778 391 876 426 viros
895 391 1010 427 bonos
1026 391 1195 428 dicimus.
1253 391 1369 429 Vide-

191 455 309 486 amus,
337 443 399 490 qui
429 443 576 479 dicendi
605 444 679 479 sint
702 444 813 480 beati.
869 444 1054 492 Equidem
1084 444 1150 480 hos
1181 445 1367 489 existimo,

133 502 173 531 29
192 496 256 544 qui
277 496 351 532 sint
368 496 402 531 in
425 497 544 541 bonis,
565 497 670 533 nullo
686 497 860 546 adjuncto
880 497 990 533 malo.
1048 497 1181 546 Neque
1202 498 1278 534 ulla
1297 498 1369 534 alia

129 1247 169 1276 30

126 1936 162 1966 31

190 549 277 584 huic
291 550 414 592 verbo,
429 562 544 597 quum
557 550 709 586 beatum
721 550 890 593 dicimus,
906 550 1072 598 subjecta
1088 551 1187 587 notio
1202 558 1269 595 est,
1283 551 1366 595 nisi,

192 603 340 638 secretis
369 603 474 638 malis
503 603 688 646 omnibus,
719 604 907 639 cumulata
933 604 1112 639 bonorum
1142 604 1365 652 complexio,

192 655 303 691 Hanc
322 656 470 703 assequi
493 656 618 699 virtus,
640 657 669 692 si
686 657 885 704 quicquam
905 657 1168 705 praeteripsam
1190 658 1276 693 boni
1297 665 1366 701 est,

190 720 264 744 non
286 716 420 756 potest.
479 709 612 745 Aderit
640 710 738 745 enim
767 709 961 753 malorum,
993 710 1021 745 si
1050 710 1145 746 mala
1173 710 1238 746 illa
1261 711 1366 746 duci-

190 773 286 805 muS,
315 762 425 797 turba
454 763 640 809 quaedam,
669 770 879 810 paupertaS,
908 763 1132 810 ignobilitas,
1162 763 1365 808 humilitas,

190 815 364 859 solitudo,
381 815 529 851 amissio
546 828 710 859 suorum,
726 828 856 864 graves
871 816 1014 852 dolores
1035 816 1208 864 corporis,
1225 817 1368 865 perdita.

190 867 376 911 valetudo,
403 868 584 911 debilitas,
617 869 776 912 caecitas,
807 869 977 905 interitus
1005 870 1145 917 patriae,
1174 870 1363 914 exsilium,

190 920 347 956 servitus
367 921 539 969 denique.
590 922 634 957 In
652 922 708 957 his
725 928 780 957 tot
799 929 835 957 et
855 922 966 958 tantis
980 921 1109 970 (atque
1129 923 1240 958 etiam
1259 922 1366 971 plura

188 981 346 1021 possunt
365 972 545 1022 accidere)
564 982 685 1022 potest
710 987 791 1011 esse
820 975 979 1023 sapiens.
1037 975 1132 1011 Nam
1156 976 1237 1012 haec
1258 988 1364 1012 casus

187 1026 374 1075 importat,
396 1028 459 1075 qui
487 1028 524 1063 in
553 1028 755 1076 sapientem
783 1035 904 1075 potest
931 1029 1128 1064 incurrere.
1185 1031 1238 1065 At
1265 1029 1296 1064 si
1321 1041 1366 1065 ea

187 1080 285 1115 mala
305 1089 405 1124 sunt,
425 1081 508 1128 quis
529 1087 652 1129 potest
670 1088 857 1128 praestare,
878 1094 1022 1129 semper
1045 1082 1250 1129 sapientem
1276 1082 1366 1118 bea-

187 1141 267 1169 tum
295 1134 383 1177 fore,
400 1147 517 1181 quum
547 1134 604 1170 vel
632 1134 669 1169 in
699 1134 871 1170 omnibus
900 1135 956 1170 his
986 1147 1060 1171 uno
1090 1143 1253 1184 tempore
1285 1147 1365 1172 esse

185 1185 303 1234 possit
317 1186 330 1222 ἲ

240 1239 326 1274 Non
359 1239 473 1287 igitur
499 1239 605 1276 facile
638 1240 800 1276 concedo
832 1253 953 1288 neque
983 1240 1100 1276 Bruto
1131 1253 1212 1277 meo
1242 1253 1364 1290 neque

187 1293 447 1328 communibus
485 1294 668 1341 magistris
709 1306 778 1329 nec
815 1293 1001 1329 veteribus
1039 1294 1124 1336 illis,
1160 1294 1362 1339 Aristoteli,

186 1345 408 1393 Speusippo,
430 1345 642 1388 Xenocrati,
665 1346 872 1389 Polemoni,
892 1352 946 1387 ut,
967 1359 1082 1394 quum
1109 1360 1163 1390 ea,
1184 1360 1271 1395 quae
1300 1360 1362 1384 su-

185 1410 252 1445 pra
271 1399 497 1442 enumeravi,
517 1400 555 1434 in
575 1398 682 1434 malis
704 1406 910 1442 numerent,
932 1399 1041 1435 iidem
1062 1400 1199 1443 dicant,
1220 1413 1365 1449 semper

185 1451 336 1486 beatum
367 1464 446 1487 esse
477 1452 693 1499 sapientem.
761 1452 868 1490 Quos
897 1452 926 1488 si
954 1453 1086 1488 titulus
1119 1453 1178 1489 hic
1205 1453 1365 1490 delectat

185 1503 341 1552 insignis
365 1511 401 1539 et
425 1505 593 1552 pulcher,
616 1504 838 1553 Pythagora,
860 1506 1022 1547 Socrate,
1045 1506 1202 1542 Platone
1222 1506 1363 1555 dignis-

187 1556 313 1599 simus,
343 1557 522 1593 inducant
549 1558 727 1601 animum,
757 1558 831 1601 illa,
852 1571 1009 1606 quorum
1040 1559 1234 1607 splendore
1263 1560 1363 1608 capi-

184 1616 310 1653 untur,
359 1610 466 1653 vires,
513 1611 777 1654 valetudinem,
824 1611 1153 1659 pulchritudinem,
1201 1613 1362 1656 divitias,

184 1661 356 1706 honores,
377 1676 465 1711 opes
486 1670 719 1700 contemnere
739 1677 870 1712 eaque,
891 1677 978 1713 quae
997 1665 1053 1700 his
1074 1666 1255 1701 contraria
1273 1665 1361 1710 sint,

184 1727 250 1763 pro
279 1715 395 1752 nihilo
424 1718 580 1753 ducere:
620 1726 699 1753 tum
729 1725 903 1765 poterunt
931 1718 1131 1754 clarissima
1159 1731 1248 1754 voce
1277 1731 1360 1767 pro-

184 1769 293 1813 fiteri,
324 1783 362 1805 se
391 1782 511 1817 neque
540 1770 701 1806 fortunae
729 1772 869 1815 impetu
900 1783 966 1807 nec
999 1771 1250 1808 multitudinis
1281 1773 1363 1820 opi·-

184 1821 295 1858 nione
317 1835 382 1858 nec
402 1823 527 1859 dolore
547 1836 615 1859 nec
634 1830 850 1872 paupertate
870 1824 994 1860 terreri
1015 1824 1211 1872 omniaque
1231 1824 1303 1861 sibi
1321 1825 1360 1861 in

185 1886 265 1910 sese
283 1888 363 1910 esse
382 1876 502 1923 posita
522 1889 588 1912 nec
608 1889 687 1912 esse
708 1877 905 1924 quicquam
931 1884 1039 1913 extra
1067 1889 1170 1913 suam
1197 1885 1360 1926 potesta-

185 1933 271 1971 tem,
288 1929 385 1976 quod
408 1929 546 1964 ducant
563 1929 600 1964 in
621 1930 740 1966 bonis.
798 1930 970 1977 Namque
989 1938 1025 1966 et
1043 1931 1123 1966 haec
1142 1930 1256 1978 loqui,
1274 1943 1359 1979 quae

184 1988 272 2016 sunt
290 1982 413 2028 magni
433 1982 626 2030 cujusdam
647 1990 683 2018 et
709 1983 773 2018 alti
792 1983 872 2026 viri,
892 1992 928 2018 et
947 1984 1087 2024 eadem,
1109 1996 1193 2031 quae
1211 1984 1358 2032 vulgus,

181 2032 219 2068 in
240 2034 346 2070 malis
365 2041 402 2070 et
422 2035 527 2070 bonis
547 2036 920 2078 numerat-esconcedi
939 2036 1043 2072 nullo
1066 2036 1176 2072 modo
1196 2044 1329 2084 potest.

234 2087 322 2126 Qua
340 2088 458 2136 gloria
475 2094 683 2123 commotus
705 2089 890 2136 Epicurus
910 2090 1087 2132 exoritur,
1107 2090 1164 2125 cui
1185 2089 1307 2133 etiam,
1328 2089 1358 2125 si

180 2138 236 2174 dis
265 2141 397 2188 placet,
419 2141 565 2176 videtur
592 2153 734 2188 semper
763 2143 908 2189 sapiens
938 2143 1079 2178 beatus.
1138 2142 1212 2178 Hic
1236 2142 1357 2189 digni-

180 2197 256 2227 tate
277 2193 387 2241 hujus
405 2193 600 2230 sententiae
620 2195 784 2241 capitur3
817 2195 880 2230 sed
909 2206 1112 2242 numquam
1143 2195 1178 2230 id
1207 2195 1355 2236 diceret.

180 2244 210 2280 si
240 2245 318 2292 ipse
351 2259 389 2282 se
421 2247 576 2282 audiret.
634 2247 734 2285 Quid
761 2255 817 2282 est
846 2248 957 2290 enim,
986 2247 1086 2295 quod
1114 2248 1239 2283 minus
1267 2260 1355 2284 con·

180 2298 316 2338 veniat,
336 2311 448 2345 quam
469 2307 509 2335 ut
528 2300 571 2342 is,
591 2300 655 2347 qui
674 2300 732 2335 vel
761 2312 950 2336 summum
980 2301 1035 2336 vel
1066 2299 1186 2336 solum
1215 2301 1354 2337 malum

179 2350 341 2388 dolorem
364 2364 443 2387 esse
462 2353 570 2396 dicat,
591 2353 690 2389 idem
713 2361 872 2397 censeat,
897 2353 1011 2393 Quam
1039 2353 1105 2389 hoe
1132 2366 1243 2390 suave
1273 2356 1355 2391 est!
