1471 2585
189 77 263 112 150
505 87 708 112 'ruscumm
738 88 1035 112 D1sru'rA'r1ous.
1123 73 1366 125 [107—110.

189 182 393 225 Exsilium,
416 182 536 225 credo,
557 182 661 230 quod.
676 182 713 218 in
735 182 910 218 maximis
929 182 1034 218 malis
1055 182 1214 219 ducitur.
1272 182 1319 218 Id
1339 183 1371 219 si

189 242 340 284 propter
364 236 521 271 alienam
552 243 588 271 et
613 235 789 272 offensam
819 235 947 284 populi
968 236 1198 272 voluntatem
1228 235 1370 272 malum

191 295 258 332 est,
279 301 391 336 quam
418 289 465 325 sit
496 301 539 324 ea
566 289 846 333 contemnenda,
871 289 997 337 paullo
1017 297 1102 325 ante
1129 290 1269 325 dictum
1298 297 1368 326 est.

193 342 259 377 Sin
291 343 419 377 abesse
445 342 563 390 patria
589 342 765 379 miserum
791 350 859 385 est,
891 342 1012 390 plenae
1042 343 1257 378 miserorum
1285 355 1370 390 pro-

193 395 326 431 vinciae
347 401 446 438 sunt,
463 408 511 431 ex
529 395 664 443 quibus
683 396 882 432 admodum
899 395 1006 443 pauci
1023 395 1056 430 in
1074 396 1229 443 patriam
1248 408 1371 431 rever-

119 453 173 485 107
194 449 454 485 tuntur.——At
493 449 700 485 multantur
739 449 846 484 bonis
885 448 1218 487 exsules.-Quid
1254 449 1369 485 tum?

193 514 373 549 parumne
393 501 513 538 multa
531 502 576 538 de
593 502 783 538 toleranda
801 509 1018 550 paupertate
1037 501 1237 538 dicuntur?
1288 502 1372 538 Jam

193 567 279 590 vero
308 554 496 598 exsilium,
527 555 557 591 si
583 568 704 591 rerum
732 562 914 598 naturam,
935 568 1009 590 non
1034 555 1276 603 ignominiam
1304 567 1371 591 no-

192 607 302 643 minis
328 608 543 656 quaerimus,
568 614 749 656 quantum
778 609 930 644 demum
959 621 980 643 a
1009 615 1185 656 perpetua
1212 608 1371 656 peregri-

193 661 342 697 natione
357 661 505 697 differt?
534 662 570 697 in
586 674 660 709 qua
675 668 804 697 aetates
825 674 909 697 suas
925 661 1133 710 philosophi
1152 661 1373 697 nobilissimi

194 721 515 762 consumpserunt,
532 714 773 757 Xenocrates,
792 715 960 756 Crantor,
974 714 1171 758 Arcesilas,
1191 715 1372 763 Lacydes,

194 767 426 811 Aristoteles,
448 768 739 816 Theophrastus,
758 768 872 811 Zeno,
892 768 1103 810 Cleanthes,
1127 768 1372 816 Chrysippus,

193 819 403 868 Antipater,
442 821 664 866 Carneades,
700 821 906 864 Panaetius,
947 821 1214 864 Clitomachus,
1250 820 1373 865 Philo,

194 873 416 917 Antiochus,
450 874 685 917 Posidonius,
723 874 1010 910 innumerabiles
1046 875 1120 917 alii,
1159 874 1223 921 qui
1260 873 1395 911 semel.

195 927 332 974 egressi
359 940 564 975 numquam
594 928 747 963 domum
782 931 1135 964 reverterunt.—-At
1163 927 1262 963 enim
1295 927 1374 962 sine

194 980 399 1028 ignominia
419 980 440 1003 ³¹⁶
471 982 492 1003 *
518 980 540 1001 ἦε
560 981 702 1017 afficere
731 981 965 1028 sapientem?
1004 981 1049 1016 de
1080 981 1243 1028 sapiente
1276 980 1374 1016 enim

194 1033 276 1070 haec
305 1034 425 1069 omnis
455 1034 571 1070 oratio
598 1041 665 1078 est,
687 1034 745 1070 cui
760 1034 845 1082 jure
873 1035 909 1070 id
936 1034 1098 1070 accidere
1128 1046 1202 1069 non
1230 1033 1373 1081 possit;

195 1098 281 1122 nam
296 1086 381 1135 jure
399 1087 635 1123 exsulantem
654 1088 833 1124 consolari
853 1100 926 1123 non
948 1095 1104 1135 oportet.

118 1145 177 1175 108
249 1139 444 1175 Postremo
473 1141 518 1176 ad
545 1153 673 1176 omnes
701 1153 807 1176 casus
833 1140 1007 1176 facillima
1035 1140 1127 1175 ratio
1153 1145 1211 1175 est
1234 1151 1375 1183 eorum,

196 1192 260 1240 qui
289 1193 334 1228 ad
365 1193 596 1241 voluptatem
628 1206 671 1229 ca
696 1194 870 1237 referunt,
891 1206 976 1241 quae
1003 1200 1210 1240 sequuntur
1228 1193 1265 1228 in
1286 1193 1374 1236 vita,

197 1251 250 1289 ut,
271 1258 494 1294 quocunque
513 1247 594 1283 haec
620 1247 700 1283 loco
731 1247 1001 1295 suppeditetur,
1031 1246 1082 1282 ibi
1110 1247 1216 1282 beate
1235 1252 1377 1293 queant

195 1299 331 1335 vivere.
390 1299 523 1347 Itaque
543 1300 589 1335 ad
609 1312 755 1335 omnem
775 1300 954 1335 rationem
975 1299 1110 1336 Teucri
1130 1311 1205 1334 vox
1230 1311 1374 1334 accom-

193 1352 334 1388 modari
353 1359 497 1400 potest:

485 1459 493 1466 .
539 1459 546 1466 .
571 1436 683 1467 Patria
699 1418 957 1476 estsubicunque
975 1439 1022 1466 est
1037 1437 1129 1467 benc.

196 1513 365 1550 Socrates
381 1514 529 1562 quidem
544 1527 659 1563 quum
676 1522 876 1562 rogaretur,
897 1515 1055 1563 cujatem
1074 1527 1111 1550 se
1127 1527 1205 1551 esse
1222 1514 1374 1551 diceret:

196 1567 447 1610 Mundanum,
476 1568 608 1615 inquit.
665 1568 798 1603 Totius
825 1569 920 1604 enim
951 1569 1081 1603 mundi
1103 1581 1140 1604 se
1160 1568 1320 1603 incolam
1339 1576 1377 1603 et

196 1620 314 1656 civem
343 1621 601 1658 arbitrabatur.
660 1620 762 1660 Quid
791 1621 834 1657 T.
858 1619 1072 1657 Albucius?
1105 1633 1229 1657 nonne
1251 1620 1376 1656 animo

197 1673 412 1721 aequissimo
439 1674 598 1710 Athenis
627 1674 737 1710 exsul
767 1674 1127 1723 philosophabatur?
1163 1674 1220 1709 cui
1251 1680 1376 1710 tamen

196 1726 290 1762 illud
323 1727 444 1775 ipsum
477 1740 550 1763 non
579 1728 783 1771 accidisset,
815 1727 845 1763 si
873 1728 910 1763 in
940 1740 976 1763 re
1005 1727 1154 1775 publica
1181 1727 1376 1774 quiescens

119 1784 179 1812 109
198 1779 350 1827 Epicuri
370 1780 516 1828 legibus
541 1781 736 1828 paruisset.
794 1780 872 1819 Qui
896 1780 993 1816 enim
1015 1781 1153 1816 beatior
1177 1780 1375 1828 Epicurus,

197 1833 298 1880 quod
326 1833 364 1868 in
394 1834 511 1881 patria
539 1834 699 1876 vivebat,
720 1846 844 1881 quam,
871 1834 971 1881 quod
991 1834 1161 1877 Athenis,
1184 1833 1375 1869 Metrodo-

197 1885 287 1921 rus?
316 1892 380 1925 aut
400 1886 507 1922 Plato
528 1886 775 1922 Xenocratem
798 1887 968 1923 vincebat
999 1894 1063 1922 aut
1089 1887 1242 1922 Polemo
1261 1886 1375 1922 Arce-

198 1937 316 1983 silam,
351 1952 425 1986 quo
459 1947 555 1975 esset
592 1940 762 1975 beatior?
834 1940 975 1979 Quanti
1014 1953 1099 1975 vero
1136 1940 1208 1975 ista
1243 1938 1375 1975 civitas

199 1992 418 2028 aestimanda
453 2000 522 2036 est,
557 2005 604 2028 ex
635 2005 711 2040 qua
743 1992 830 2028 boni
861 1993 1120 2041 sapientesque
1158 1991 1373 2040 pelluntur?

199 2044 422 2081 Damaratus
449 2045 611 2093 quidem,
633 2046 827 2093 Tarquinii
854 2046 967 2082 nostri
994 2046 1090 2092 regis
1112 2053 1226 2093 pater,
1248 2052 1374 2092 tyran-

199 2109 287 2132 num
310 2098 517 2146 Cypselum
538 2099 637 2146 quod
658 2098 748 2134 ferre
768 2111 842 2134 non
860 2106 1015 2147 poterat,
1037 2099 1132 2146 fugit
1153 2097 1375 2146 Tarquinios

200 2150 378 2186 Corintho
398 2159 433 2187 et
452 2152 503 2187 ibi
528 2164 612 2188 suas
642 2151 809 2187 fortunas
837 2152 1031 2188 constituit
1058 2164 1099 2186 ac
1128 2151 1261 2187 liberos
1290 2162 1375 2198 pro-

198 2205 346 2239 creavit.
404 2205 506 2240 Num
537 2204 649 2240 stulte
679 2206 891 2252 anteposuit
919 2204 1044 2241 exsilii
1072 2204 1278 2240 libertatem
1308 2204 1375 2239 do-

197 2257 362 2292 mesticae
383 2257 579 2294 servituti?
838 2285 843 2288 -

121 2316 179 2346 110
250 2308 485 2346 XXXVIII.
506 2311 586 2346 Jam
603 2323 688 2347 vero
703 2317 828 2346 motus
844 2310 967 2355 animi,
983 2309 1249 2346 sollicitudines
1265 2309 1374 2358 aegri-

196 2361 418 2410 tudinesque
464 2364 649 2400 oblivione
688 2363 889 2408 leniuntur,
929 2363 1105 2400 traductis
1150 2362 1283 2399 animis
1328 2363 1376 2399 ad
