1471 2585
70 92 263 144 44—-46.]
409 105 512 130 BOOK
542 105 594 130 xv.
617 105 734 130 anP.
760 95 929 129 18—20.
1183 96 1254 130 105

71 208 194 237 torum
225 201 384 249 impetus
415 213 517 242 esse3
557 199 658 235 leves
690 205 813 235 autem
849 198 1079 235 ratiunculas
1115 211 1256 244 eorum,

72 255 138 302 qui
163 255 215 290 ita
240 255 465 301 cogitarent:
493 252 667 302 proelz‘um
696 259 830 289 metum
856 258 908 288 est
937 253 1001 288 hoc
1022 253 1141 300 fie7i;
1174 266 1258 288 con-

51 308 54 311 ’
72 309 168 344 venit
188 308 361 343 dimicare
372 320 442 355 pro
461 307 610 356 Zeqz‘bus,
627 318 696 354 pro
717 306 896 349 libertate,
914 319 985 354 pro
1000 307 1154 353 patria;
1177 306 1258 342 haec

73 362 214 397 nullam
242 361 261 395 h
268 361 379 396 abent
400 361 486 403 vim,
515 359 587 395 nisi
614 360 668 395 ira
697 359 903 395 excanduit
929 359 1121 395 fortitudo.
1180 358 1259 396 Nec

41 438 50 440 J
72 426 159 450 vero
179 414 224 450 de
246 413 487 449 bellatoribus
508 414 629 449 solum
650 413 866 460 disputant;
900 412 1055 460 imperia
1076 412 1260 448 severiora

72 467 177 503 nulla
195 480 274 503 esse
294 474 431 515 putant
447 467 525 502 sine
544 466 670 514 aliqua
687 466 885 502 acerbitate
906 466 1121 501 iracundiae.
1166 466 1260 502 Ora-

72 527 187 557 torem
208 520 368 569 denique
389 533 464 555 non
493 520 604 555 modo
633 526 883 562 accusantem,
906 520 970 555 sed
992 532 1036 554 ne
1057 519 1257 555 defenden-

72 582 148 610 tem
168 574 319 622 quidem
347 575 505 622 probant
531 573 609 608 sine
635 572 772 608 aculeis
801 573 1017 615 iracundiae,
1038 585 1124 620 quae
1146 573 1258 608 etiam

72 627 104 663 si
123 639 197 662 non
216 627 322 668 adsit,
343 634 465 662 tamen
490 626 609 662 verbis
629 633 741 674 atque
761 632 864 661 motu
886 626 1132 661 simulandam
1160 626 1259 662 arbi-

71 686 228 723 trantur,
246 688 288 716 ut
303 680 480 716 auditoris
500 680 590 715 iram
610 680 764 715 oratoris
779 679 955 715 incendat
974 679 1082 715 actio.
1126 679 1259 715 Virum

73 733 233 781 denique
256 734 370 769 videri
390 740 539 779 negant,
562 733 626 781 qui
655 733 761 768 irasci
780 733 932 775 nesciat,
954 745 1123 780 eamque,
1146 745 1260 780 quam

72 786 253 823 lenitatem
286 800 354 823 nos
389 787 558 830 dicimus,
591 786 724 822 vitioso
759 786 986 822 lentitudinis
1014 786 1163 822 nomine
1193 798 1259 834 ap-

72 840 226 888 pellant.

127 893 206 929 Nec
227 906 311 929 vero
329 893 449 929 solum
469 893 564 928 hanc
583 892 776 928 libidinem
796 893 951 928 laudant
971 891 1045 939 (est
1068 891 1164 928 enim
1194 892 1258 937 ira,
1279 896 1319 924 Μ

72 954 115 982 ut
148 947 257 993 modo
288 947 453 989 definivi,
484 946 685 982 ulciscendi
722 946 870 992 libido),
905 947 969 982 sed
1005 946 1128 993 ipsum
1166 946 1261 982 illud

72 1013 190 1048 genus
211 1000 273 1036 vel
292 1000 456 1036 libidinis
477 1000 535 1035 vel
552 999 765 1047 cupiditatis
785 1000 831 1035 ad
850 1012 1035 1035 summam
1059 999 1261 1035 utilitatem

73 1066 152 1089 esse
172 1054 302 1089 dicunt
321 1067 342 1089 a
361 1061 492 1089 natura
510 1053 639 1089 datum
655 1067 664 1097 3
696 1053 789 1089 nihil
808 1054 907 1089 enim
929 1065 1168 1101 quemquam,
1190 1053 1262 1088 nisi

73 1107 172 1154 quod
192 1107 318 1148 libeat,
339 1107 513 1154 praeclare
533 1106 650 1141 facere
671 1119 791 1154 posse.
841 1107 967 1142 Noctu
988 1106 1205 1142 ambulabat
1223 1106 1262 1142 in

71 1160 224 1208 publico
244 1159 527 1202 Themistocles,
548 1160 649 1206 quod
669 1172 840 1194 somnum
871 1172 1000 1207 capere
1029 1171 1102 1194 non
1122 1166 1261 1206 posset,

73 1213 407 1261 quaerentibusque
451 1213 710 1260 respondebat,
751 1212 934 1248 Miltiadis
978 1212 1129 1259 tropaeis
1166 1225 1204 1248 se
1242 1225 1262 1248 e

74 1279 205 1302 somno
238 1266 420 1302 suscitari.
479 1265 550 1301 Cui
588 1278 661 1301 non
700 1272 788 1301 sunt
824 1266 962 1301 auditae
996 1265 1262 1301 Demosthenis

73 1319 242 1368 vigiliae?
273 1320 338 1367 qui
357 1319 480 1355 dolere
501 1331 539 1354 se
559 1319 692 1362 aiebat,
714 1319 743 1354 si
772 1319 922 1366 quando
951 1319 1127 1366 opificum
1158 1325 1261 1354 ante-

71 1372 208 1409 lucana
242 1373 365 1409 victus
403 1380 499 1408 esset
542 1373 736 1408 industria.
807 1372 1062 1419 Philosophiae
1101 1372 1262 1419 denique

73 1426 190 1474 ipsius
211 1426 393 1474 principes
414 1439 619 1474 numquam
639 1426 677 1461 in
698 1425 776 1461 suis
798 1425 929 1461 studiis
949 1432 1071 1461 tantos
1092 1438 1261 1473 progres-

70 1492 139 1516 sus
160 1480 238 1515 sine
257 1479 427 1528 flagranti
448 1479 650 1527 cupiditate
678 1480 796 1514 facere
817 1479 1037 1527 potuissent.
1099 1478 1262 1514 Ultimas

75 1540 189 1568 terras
208 1533 384 1568 lustrasse
405 1532 669 1581 Pythagoram,
691 1532 960 1576 Democritum,
984 1532 1181 1567 Platonem
1202 1544 1262 1568 ac-

76 1583 265 1634 cepimus3
297 1586 359 1621 ubi
381 1586 479 1621 enim
501 1586 681 1634 quicquid
701 1593 809 1628 esset,
831 1586 930 1633 quod
951 1585 1042 1620 disci
1062 1593 1198 1632 posset,
1220 1598 1262 1620 eo

75 1639 300 1676 veniendum
316 1639 595 1687 judicaverunt.
653 1639 756 1674 Num
777 1646 952 1686 putamus
973 1639 1053 1673 haec
1077 1637 1156 1673 fieri
1185 1637 1263 1674 sine

77 1705 222 1728 summo
241 1693 453 1741 cupiditatis
474 1693 601 1728 ardore
621 1692 787 1740 potuisse
805 1692 818 1726 ’.Ρ

130 1746 220 1782 XX.
254 1746 379 1794 Ipsam
413 1746 687 1796 aegritudinem,
723 1757 835 1792 quam
870 1756 938 1779 nos
971 1750 1014 1779 ut
1044 1750 1190 1779 taetram
1227 1750 1264 1780 et
1281 1748 1320 1776 45

75 1799 275 1834 immanem
304 1798 450 1834 beluam
479 1799 692 1846 fugiendam
721 1798 898 1840 diximus,
920 1809 993 1832 non
1024 1797 1102 1832 sine
1131 1809 1265 1845 magna

78 1852 241 1888 utilitate
262 1865 281 1887 a
301 1860 432 1887 natura
450 1852 579 1887 dicunt
607 1851 863 1893 constitutam,
884 1856 925 1885 ut
955 1850 1123 1886 homines
1152 1850 1263 1886 casti-

78 1905 304 1953 gationibUS,
326 1904 689 1952 reprehensionibus,
709 1903 924 1951 ignominiis
948 1904 1041 1939 affici
1073 1917 1110 1939 se
1139 1904 1177 1939 in
1198 1904 1262 1939 de-

78 1959 167 1994 licto
187 1958 366 1994 dolerent.
417 1957 627 2005 Impunitas
647 1957 744 1992 enim
763 1964 998 2004 peccatorum
1015 1957 1099 1992 data
1118 1957 1264 1992 videtur

80 2013 144 2055 eis,
172 2012 236 2060 qui
269 2010 510 2059 ignominiam
545 2018 582 2045 et
614 2010 802 2046 infamiam
840 2010 963 2046 ferunt
997 2010 1074 2045 sine
1109 2010 1259 2054 dolore3

80 2065 239 2100 morderi
259 2072 315 2099 est
335 2064 467 2099 melius
488 2063 725 2099 conscientia.
784 2064 845 2099 Ex
866 2076 939 2111 quo
959 2070 1015 2098 est
1034 2063 1127 2098 illud
1147 2076 1166 2099 e
1186 2062 1264 2098 vita

81 2118 234 2154 ductum
255 2118 301 2152 ab
322 2116 502 2161 Afrani03
534 2129 620 2152 nam
640 2129 757 2165 quum
778 2116 982 2153 dissolutus
1003 2116 1126 2151 filius:

209 2185 284 2215 Heu
302 2195 353 2215 me
370 2185 525 2214 miserum
542 2186 548 2214 l

81 2253 160 2283 tum
182 2259 332 2283 severus
354 2253 479 2294 pater:

403 2314 587 2344 Dummodo
604 2314 710 2345 doleat,
725 2314 860 2354 aliquid,
877 2314 983 2344 doleat
1000 2313 1179 2353 quidlubet.

133 2380 318 2429 Reliquas
336 2394 486 2429 quoque
506 2387 628 2430 partes
645 2381 876 2431 aegritudinis
894 2380 1003 2416 utiles
1018 2393 1098 2417 esse
1112 2381 1242 2416 dicunt
1257 2392 1265 2415 ε
1285 2385 1326 2413 46
