1471 2585
104 94 344 145 111—113.]
446 108 550 132 BOOK
580 108 616 132 v.
648 107 764 132 curn).
796 98 858 139 38,
890 96 951 131 39.
1210 96 1278 131 151

101 205 344 253 voluptatem.
402 203 492 238 Non
511 202 590 238 sine
609 213 739 237 caussa
757 201 869 249 igitur
889 200 1076 249 Epicurus
1096 212 1208 236 ausus
1229 208 1286 236 est

100 259 233 301 dicere,
264 268 408 304 semper
435 256 473 291 in
504 255 676 303 pluribus
709 255 817 291 bonis
849 267 927 290 esse
962 254 1178 301 sapientem,
1198 253 1286 301 quia

53 311 57 315 ’
101 323 245 359 semper
277 310 324 345 sit
356 309 394 344 in
426 308 695 357 voluptatibus.
754 308 816 343 Ex
849 320 921 356 quo
952 307 1047 343 effici
1069 314 1176 355 putat
1208 306 1282 350 ille,

101 365 199 412 quod
220 363 435 411 quaerimus,
450 369 492 398 ut
509 362 655 410 sapiens
672 374 817 410 semper
832 362 962 397 beatus
980 360 1283 403 sit.—Etia1nne,
1306 367 1363 396 111

44 442 54 443 e
101 419 130 454 si
151 417 319 453 sensibus
339 416 478 452 carebit
498 415 702 459 oculorum,
718 415 746 450 si
768 415 912 450 aurium
927 414 1138 449 2-—Etiam.
1186 413 1286 449 Nam

100 471 169 506 ista
187 470 268 518 ipsa
286 469 503 505 contemnit.
544 468 711 504 Primum
727 468 825 503 enim
846 468 1031 503 horribilis
1053 467 1123 503 ista
1139 466 1286 502 caecitas

102 523 238 572 quibus
259 523 407 558 tandem
429 529 526 558 caret
547 521 802 570 voluptatibus
820 521 833 556 ?
865 534 980 568 quum
1002 520 1154 568 quidam
1175 520 1286 555 etiam

102 576 306 624 disputent,
328 582 466 612 ceteras
486 575 698 623 voluptates
726 575 764 610 in
794 575 884 622 ipsis
912 574 1078 610 habitare
1103 573 1286 616 sensibus,

102 642 188 678 quae
208 636 331 665 autem
352 629 531 676 adspectu
550 629 811 677 percipiantur,
829 640 871 663 ea
890 640 965 663 non
986 627 1122 662 versari
1142 627 1179 662 in
1199 639 1289 662 ocu-

102 683 225 719 lorum
246 683 322 718 ulla
336 682 585 731 jucunditate,
602 688 645 718 ut
663 694 717 726 ea,
734 694 820 729 quae
836 688 1043 730 gustemus,
1058 680 1287 724 olfaciamus,

102 743 314 780 tractemus,
347 735 555 778 audiamus,
586 735 625 771 in
656 748 698 770 ea
728 735 820 783 ipsa,
855 735 920 770 ubi
954 734 1147 776 sentimus,
1186 739 1289 781 parte

102 796 318 833 versentur3
351 790 389 824 in
409 789 526 825 oculis
547 789 619 824 tale
639 788 730 824 nihil
761 788 826 832 fit3
858 787 1004 823 animus
1034 787 1180 834 accipit,
1201 799 1288 834 quae

104 843 286 878 videmus.
335 842 473 878 Animo
489 850 612 878 autem
626 842 755 877 multis
776 841 897 877 modis
911 841 1095 887 variisque
1115 840 1289 875 delectari

102 896 202 940 licet,
223 896 333 931 etiam
355 896 385 931 si
404 908 478 931 non
500 895 719 931 adhibeatur
747 895 958 943 adspectus.
1016 894 1171 942 Loquor
1190 893 1290 928 enim

103 950 148 985 de
183 950 291 985 docto
326 949 474 985 homine
505 955 542 985 et
572 949 729 992 erudito,
764 948 822 984 cui
860 948 983 983 vivere
1021 954 1078 983 est
1114 947 1288 995 cogitare.

105 1002 292 1050 Sapientis
314 1011 437 1038 autem
464 1002 638 1050 cogitatio
668 1014 743 1037 non
770 1002 883 1037 ferme
914 1002 959 1036 ad
986 1000 1290 1048 investigandum

105 1056 254 1091 adhibet
285 1056 412 1091 oculos
440 1056 653 1091 advocatos.
712 1055 863 1090 Etenim
896 1054 925 1089 si
956 1066 1031 1089 nox
1055 1066 1129 1089 non
1161 1053 1291 1089 adimit

107 1109 220 1144 vitam
240 1109 399 1152 beatam,
420 1121 485 1144 cur
504 1108 581 1144 dies
601 1108 701 1143 nocti
722 1108 851 1143 similis
863 1107 1029 1143 adimat?
1078 1106 1174 1142 Nam
1195 1106 1290 1143 illud

105 1162 293 1210 Antipatri
327 1162 521 1209 Cyrenaici
551 1168 607 1197 est
637 1161 787 1209 quidem
823 1161 950 1208 paullo
980 1160 1206 1202 obscoenius,
1228 1160 1291 1195 sed

105 1228 180 1250 non
200 1215 360 1251 absurda
379 1214 561 1250 sententia
580 1221 658 1251 est:
690 1214 796 1261 cujus
827 1214 1031 1249 caecitatem
1063 1225 1178 1260 quum
1207 1224 1291 1248 mu-

104 1268 269 1304 lierculae
300 1268 602 1311 lamentarentur,
640 1267 739 1307 Quid
768 1267 909 1315 agitis?
943 1266 1076 1314 inquit,
1109 1278 1156 1302 αη
1194 1265 1293 1302 vobis

106 1321 208 1358 nulla
229 1322 373 1358 videtur
393 1320 558 1369 voluptas
579 1334 654 1356 esse
675 1326 850 1356 nocturna
865 1321 882 1356 ?

158 1375 326 1423 Appium
364 1375 516 1422 quidem
553 1380 714 1410 veterem
752 1374 870 1416 illum,
915 1373 979 1421 qui
1017 1385 1139 1408 caecus
1175 1384 1292 1407 annos

106 1428 245 1464 multos
264 1428 346 1470 fuit,
368 1436 405 1463 et
424 1440 471 1463 ex
491 1427 769 1476 magistratibus
789 1435 825 1462 et
845 1439 893 1463 ex
913 1427 1023 1462 rebus
1049 1426 1162 1473 gestis
1181 1425 1290 1461 intel-

106 1482 257 1529 ligimus
277 1482 316 1516 in
335 1481 400 1516 illo
421 1493 488 1517 suo
509 1493 596 1517 casu
615 1493 683 1517 nec
701 1480 847 1529 privato
871 1493 938 1515 nec
967 1480 1117 1527 publico
1147 1479 1292 1514 muneri

108 1534 282 1570 defuisse.
342 1534 385 1570 C.
417 1534 532 1569 Drusi
564 1535 715 1569 domuin
747 1533 923 1581 compleri
960 1545 980 1568 a
1017 1532 1292 1568 consultoribus

108 1587 254 1623 solitam
274 1587 495 1635 accepimus,
517 1599 647 1635 quum,
668 1600 826 1635 quorum
846 1599 903 1622 res
923 1593 1031 1629 esset,
1052 1598 1118 1621 sua
1133 1585 1291 1633 ipsinon

108 1640 298 1685 videbant,
321 1653 461 1676 caecum
481 1641 707 1676 adhibebant
727 1640 871 1676 ducem.
930 1639 1063 1675 Pueris
1091 1638 1198 1674 nobis
1220 1638 1290 1674 Cn.

110 1694 289 1730 Aufidius
310 1694 506 1742 praetorius
527 1700 563 1729 et
582 1693 619 1729 in
641 1694 780 1729 Senatu
802 1693 1021 1729 sententiam
1052 1692 1198 1727 dicebat
1225 1703 1292 1727 nec

109 1747 236 1782 amicis
256 1747 546 1782 deliberantibus
566 1747 691 1782 deerat
711 1752 747 1782 et
768 1746 939 1782 Graecam
967 1745 1149 1781 scribebat
1175 1744 1292 1780 histo-

107 1800 198 1835 riam
219 1807 255 1835 et
274 1800 424 1835 videbat
442 1800 479 1835 in
499 1799 644 1835 litteris.

162 1852 353 1889 XXXIX.
386 1853 572 1888 Diodotus
593 1851 740 1888 Stoicus
761 1864 883 1888 caecus
909 1851 1046 1887 multos
1079 1863 1194 1886 annos
1222 1863 1291 1886 no-

110 1913 197 1942 strae
217 1906 318 1941 domi
340 1906 448 1941 vixit.
488 1906 527 1940 Is
547 1918 644 1948 vero,
659 1905 758 1952 quod
779 1905 951 1940 credibile
967 1905 1032 1940 vix
1048 1911 1160 1947 esset,
1173 1917 1292 1952 quum

109 1959 147 1995 in
182 1958 415 2007 philosophia
444 1958 561 1994 multo
588 1958 700 1993 etiam
723 1959 841 2006 magis
868 1958 1013 1994 assidue
1044 1970 1153 2006 quam
1183 1965 1294 1992 antea

109 2018 318 2048 versaretur
333 2019 370 2047 et
389 2023 505 2058 quum
525 2011 662 2047 fidibus
675 2011 992 2060 Pythagoreorum
1011 2024 1110 2047 more
1127 2016 1294 2045 uteretur

110 2078 302 2113 quumque
334 2065 366 2100 ei
399 2064 483 2100 libri
515 2071 641 2100 noctes
672 2071 709 2100 et
743 2064 819 2100 dies
846 2064 1067 2112 legerentur,
1088 2063 1224 2111 quibus
1252 2062 1291 2098 in

111 2119 245 2155 studiis
278 2118 395 2155 oculis
431 2130 505 2152 non
537 2118 678 2166 egebat,
708 2124 800 2162 tum,
824 2118 923 2165 quod
955 2118 1032 2152 sine
1067 2116 1182 2152 oculis
1213 2116 1293 2152 fleri

108 2181 219 2219 posse
252 2172 319 2207 vix
350 2171 508 2213 videtur,
543 2171 754 2219 geometriae
792 2184 928 2207 munus
959 2170 1133 2206 tuebatur
1171 2169 1292 2205 verbis

110 2225 332 2273 praecipiens
353 2223 595 2266 discentibus,
616 2224 727 2268 unde,
748 2237 821 2272 quo
841 2235 1027 2272 quamque
1046 2223 1182 2258 lineam
1203 2222 1290 2258 scri-

111 2278 252 2314 berent.
309 2277 570 2325 Asclepiadem
596 2276 729 2322 ferunt,
748 2290 822 2313 non
851 2277 1052 2325 ignobilem
1084 2276 1290 2312 Eretricum

111 2330 388 2380 philosophum,
419 2343 534 2378 quum
563 2329 710 2378 quidam
743 2338 937 2379 quaereret,
959 2329 1049 2377 quid
1079 2329 1111 2365 ei
1145 2329 1292 2365 caecitas

113 2384 309 2428 attulisset,
342 2384 587 2432 respondisse,
618 2396 732 2432 puero
762 2390 805 2420 ut
835 2396 912 2420 uno
943 2389 1040 2420 esset
1071 2382 1290 2419 comitatior.

1312 1062 1372 1090 112

1313 1858 1372 1888 113
