1471 2585
112 104 306 157 61—63.]
480 118 579 142 3001<
608 119 643 142 v.
667 118 783 142 cHAP.
807 107 975 142 20-—2-2.
1222 104 1292 142 137

113 213 442 251 demonstravisset
471 212 707 249 interimendi
736 213 804 256 sui,
834 212 1004 255 alterum,
1035 209 1124 258 quia
1153 208 1294 245 dictum

112 269 150 304 id
170 269 246 304 risu
264 266 555 315 approbavisset.
611 267 737 314 Atque
766 279 808 301 eo
837 266 932 301 facto
961 265 1012 300 sic
1040 262 1171 307 doluit,
1201 262 1294 298 nihil

115 328 156 357 ut
175 320 302 358 tulerit
318 320 468 368 gravius
487 320 524 355 in
544 320 621 356 vita
638 334 646 363 3
678 332 789 368 quem
810 319 908 355 enim
936 318 1172 354 vehementer
1191 328 1292 352 ama-

113 382 181 418 rat,
219 374 412 410 occiderat.
471 374 531 409 Sic
569 373 825 409 distrahuntur
860 372 897 407 in
935 371 1134 407 contrarias
1171 376 1294 417 partes

112 427 373 476 impotentium
393 427 625 474 cupiditates.
684 426 812 465 Quum
834 425 921 461 huic
941 426 1140 460 obsecutus
1162 423 1222 467 sis,
1239 423 1292 458 illi

114 490 170 517 est
202 481 500 528 repugnandum.
559 480 797 528 Quamquam
828 479 885 514 hic
923 478 1074 527 quidem
1110 483 1291 525 tyrannus
1311 481 1347 510 61

111 534 190 582 ipse
205 533 399 582 judicavit,
419 546 530 581 quam
551 540 647 569 esset
665 534 807 569 beatus.

166 587 278 623 XXI.
309 586 405 623 Nam
442 599 561 635 quum
598 587 750 635 quidam
785 599 833 622 ex
870 585 950 635 ejus
987 584 1291 628 assentatoribus,

113 640 326 684 Damocles,
348 647 651 676 commemoraret
669 640 708 675 in
728 652 896 676 sermone
924 638 1049 686 copias
1078 638 1170 685 ejus,
1191 650 1291 685 opes,

112 693 345 742 majestatem
383 694 607 737 dominatus,
644 706 767 729 rerum
803 692 1082 734 abundantiam,
1120 691 1292 738 magnifi-

113 746 272 783 centiam
293 746 430 783 aedium
444 747 638 796 regiarum,
652 754 876 794 negaretque
893 758 1070 794 umquam
1091 744 1293 779 beatiorem

114 812 342 848 quemquam
361 800 474 836 fuisse
491 814 498 836 ε
535 799 641 836 Visne
660 801 783 846 ἱρέων,
804 800 938 847 inquit,
960 812 978 834 o
998 797 1184 841 Damocle,
1206 810 1292 846 quo-

113 854 210 889 niam
229 859 262 890 te
283 854 365 890 haec
385 856 458 889 vita
478 853 644 896 delectat,
665 855 742 902 ipse
762 853 885 889 eadem
904 853 1096 901 deyustare
1117 857 1149 886 et
1167 852 1293 899 fortu—

113 920 195 943 nam
225 909 390 955 emperirz·
419 907 561 943 meam?
618 907 745 946 Quum
780 919 818 942 se
853 906 918 942 ille
955 917 1088 953 cupere
1121 905 1292 946 dixisset,

114 960 282 996 collocari
298 960 413 1009 jussit
433 961 619 996 hominem
640 960 677 996 in
707 973 818 996 aureo
846 960 957 1002 lecto,
979 964 1092 994 strato
1122 957 1294 1005 pulcher-

112 1013 206 1048 rimo
226 1014 350 1049 textili
371 1014 534 1062 stragulo
548 1013 753 1062 magnificis
769 1013 943 1061 operibus
959 1012 1071 1060 picto,
1086 1012 1295 1058 abacosque

115 1067 322 1114 complures
355 1067 500 1102 ornavit
529 1074 680 1115 argento
711 1079 876 1114 auroque
910 1067 1054 1101 caelato.
1113 1065 1210 1100 Tum
1249 1064 1294 1099 ad

115 1132 281 1155 mensam
309 1120 446 1155 eximia
478 1120 596 1155 forma
624 1132 757 1167 pueros
785 1120 947 1155 delectos
961 1118 1075 1166 jussit
1095 1118 1294 1153 consistere

116 1185 252 1220 eosque
288 1180 422 1208 nutum
460 1173 560 1208 illius
603 1173 792 1208 intuentes
835 1172 1032 1220 diligenter
1073 1170 1292 1206 ministrare.

115 1226 285 1262 Aderant
326 1234 529 1273 unguenta,
573 1238 746 1270 coronae3
795 1224 1090 1261 incendebantur
1138 1224 1353 1266 odores362

117 1292 257 1315 mensae
291 1279 612 1326 conquisitissimis
644 1279 764 1327 epulis
799 1279 1101 1314 exstruebantur.
1162 1276 1295 1311 Fortu-

115 1339 226 1368 natus
246 1332 314 1368 sibi
337 1332 534 1367 Damocles
556 1333 762 1368 videbatur.
821 1331 866 1367 In
886 1332 956 1366 hoc
977 1330 1097 1366 medio
1117 1337 1295 1377 apparatu

116 1385 320 1433 fulgentem
340 1385 503 1433 gladium
523 1398 541 1420 e
561 1385 724 1421 lacunari
744 1392 822 1421 seta
839 1384 976 1432 equina
995 1391 1122 1431 aptum
1153 1382 1298 1418 demitti

112 1438 238 1486 jussit,
257 1446 301 1474 ut
319 1439 548 1486 impenderet
565 1438 665 1474 illius
683 1439 783 1474 beati
802 1438 1018 1473 cervicibus.
1077 1436 1211 1484 Itaque
1230 1448 1298 1472 nec

118 1492 293 1539 pulchros
310 1492 393 1527 illos
414 1492 678 1528 ministratores
699 1491 928 1540 adspiciebat
947 1503 1014 1526 nec
1035 1489 1185 1538 plenum
1209 1489 1296 1524 artis

119 1550 325 1592 argentum,
345 1557 412 1580 nec
431 1557 582 1580 manum
603 1545 812 1593 porrigebat
830 1544 866 1580 in
889 1556 1053 1580 mensam
1070 1558 1079 1586 ς
1105 1543 1183 1591 jam
1203 1542 1296 1590 ipsae

119 1598 333 1633 defluebant
351 1610 498 1634 coronae
515 1612 523 1642 3
547 1598 707 1646 denique
727 1598 897 1633 exoravit
916 1604 1130 1645 tyrannum,
1144 1603 1186 1631 ut
1198 1596 1296 1631 abire

118 1651 256 1695 liceret,
286 1652 385 1699 quod
412 1651 489 1699 jam
522 1652 652 1687 beatus
679 1651 795 1687 nollet
823 1663 915 1686 esse.
974 1650 1118 1685 Satisne
1152 1648 1298 1684 videtur

120 1704 323 1740 declarasse
345 1704 564 1752 Dionysius,
584 1705 676 1740 nihil
707 1717 784 1740 esse
818 1704 851 1739 ei
876 1704 1040 1746 beatum,
1068 1702 1127 1737 cui
1154 1714 1299 1749 semper

120 1757 235 1804 aliqui
255 1764 368 1793 terror
387 1758 627 1805 impendeat?
684 1758 812 1804 Atque
832 1756 863 1792 ei
881 1769 927 1791 ne
942 1756 1127 1803 integrum
1148 1754 1297 1802 quidem

120 1817 209 1853 erat,
237 1816 279 1845 ut
306 1811 352 1845 ad
378 1810 562 1858 justitiam
596 1810 821 1859 remigraret,
853 1809 997 1845 civibus
1025 1809 1232 1844 libertatem
1263 1815 1300 1843 et

116 1863 202 1910 jura
221 1863 409 1907 redderet3
442 1864 485 1898 iis
518 1863 614 1898 enim
650 1876 687 1898 se
719 1863 932 1898 adolescens
962 1861 1167 1910 improvida
1188 1868 1298 1897 aetate

121 1916 300 1952 irretierat
329 1917 454 1951 erratis
474 1929 591 1964 eaque
621 1916 863 1959 commiserat,
886 1922 927 1951 ut
956 1915 1080 1951 salvus
1111 1927 1190 1951 esse
1222 1927 1298 1950 non

122 1976 259 2017 posset,
280 1969 309 2004 si
330 1981 441 2004 sanus
460 1982 539 2004 esse
559 1969 742 2016 coepisset.

176 2022 311 2058 XXII.
344 2023 497 2060 Quanto
517 2035 625 2069 opere
645 2035 731 2057 vero
751 2022 928 2058 amicitias
952 2022 1184 2062 desideraret,
1206 2032 1298 2067 qua=

121 2088 202 2111 rum
223 2076 478 2111 infidelitatem
499 2075 775 2120 extimescebat,
789 2075 989 2112 declaravit
1004 2075 1039 2110 in
1057 2073 1301 2121 Pythagoreis

123 2129 270 2164 duobus
289 2129 375 2172 illis,
397 2141 554 2176 quorum
574 2141 691 2176 quum
711 2129 867 2164 alterum
888 2129 1019 2164 vadem
1040 2127 1168 2162 mortis
1197 2138 1300 2161 acce-

122 2181 248 2229 pisset,
269 2182 371 2225 alter,
392 2190 434 2217 ut
455 2182 583 2216 vadem
604 2195 713 2218 suum
739 2182 922 2224 liberaret,
943 2187 1079 2228 praesto
1108 2179 1237 2215 suisset
1256 2180 1302 2215 ad

123 2234 249 2270 horam
283 2235 411 2270 mortis
441 2234 661 2270 destinatam
681 2249 688 2271 ε
727 2234 872 2271 Utinam
905 2247 977 2283 eqo,
1010 2233 1143 2280 inquit,
1174 2233 1302 2268 tertius

125 2287 224 2324 vobis
256 2290 394 2324 amicus
422 2287 679 2324 adscriberer!
735 2288 858 2327 Quam
894 2287 981 2322 huic
1018 2292 1095 2321 erat
1126 2285 1302 2321 miserum

127 2352 246 2376 carere
264 2342 530 2377 consuetudine
551 2340 765 2385 amicorum,
789 2341 962 2377 societate
981 2339 1115 2382 victus,
1136 2351 1302 2374 sermone

128 2394 277 2430 omnino
306 2393 500 2430 familiari!
532 2394 672 2429 homini
705 2394 910 2442 praesertim
940 2394 1047 2429 docto
1079 2405 1099 2428 a
1127 2404 1239 2440 puero
1267 2400 1303 2426 et

678 2460 702 2483 N
724 2449 745 2483 3

1317 2026 1356 2056 63
