1471 2585
85 88 280 141 65—67.]
421 103 525 127 BooK
555 103 608 127 1v.
630 103 748 127 CHAP.
770 92 939 128 29—31.
1196 95 1270 129 113

81 205 302 235 temnuntur
319 197 526 246 sequentia.
586 198 683 234 Nam
705 197 907 233 videndum
936 203 993 234 est
1020 198 1058 233 in
1088 198 1268 247 utrisque,

62 286 65 288 ,
81 263 128 288 ne
144 252 234 300 quid
250 251 402 295 humile,
418 252 670 295 summissum,
684 251 809 292 molle,
830 251 1096 296 effeminatum,
1111 251 1268 289 fractum

81 305 342 354 abjectumque
363 305 553 341 faciamus.
602 305 676 340 Sed
696 316 924 352 quamquam
945 305 990 340 de
1008 305 1127 353 ipsius
1147 314 1268 342 metus

80 358 341 400 inconstantia,
361 358 628 402 imbecillitate,
650 357 801 394 levitate
830 358 1030 394 dicendum
1054 366 1120 402 est,
1142 366 1268 396 tamen

51 416 58 417 ’
80 411 244 447 multum
274 412 434 459 prodest,
456 423 510 453 ea,
532 424 617 459 quae
646 417 878 454 metuuntur,
907 411 988 459 ipsa
1017 418 1264 449 contemnere.

81 464 227 512 Itaque,
243 465 319 500 sive
333 477 419 500 casu
432 465 565 500 accidit
578 465 654 500 sive
669 464 836 507 consilio,
853 465 1112 512 percommode
1128 465 1267 503 factum

79 524 148 561 est,
170 519 270 566 quod
289 518 340 553 eis
354 518 399 553 de
416 519 538 562 rebus,
553 531 638 566 quae
652 517 816 554 maxime
833 526 1064 561 metuuntur,
1085 519 1129 554 de
1150 526 1267 556 morte

80 578 118 607 et
155 572 199 607 de
236 571 374 614 dolore,
406 572 524 619 primo
554 580 590 607 et
623 571 796 620 proximo
829 571 887 607 die
926 572 1158 620 disputatum
1197 580 1265 610 est.

81 624 182 664 Quae
215 625 246 661 si
278 626 431 674 probata
461 632 560 670 sunt,
596 632 699 661 metu
735 637 871 673 magna
907 637 955 660 ex
989 633 1092 673 parte
1121 626 1267 663 liberati

80 690 222 714 sumus.

135 731 288 768 XXXI.
319 731 375 767 Ac
389 732 434 767 de
454 732 634 768 malorum
650 731 823 779 opinione
838 731 1032 768 hactenus.
1062 732 1266 769 Videamus
1286 740 1324 769 65

80 796 181 822 nunc
212 785 258 821 de
286 785 483 829 bonorum,
514 786 552 821 id
584 793 640 821 est
672 785 716 821 de
746 785 879 821 laetitia
907 792 944 821 et
975 786 1020 820 de
1051 786 1264 834 cupiditate.

83 838 179 874 Mihi
199 839 350 887 quidem
369 839 407 874 in
428 846 505 875 tota
528 839 669 875 ratione
698 851 753 880 ea,
776 851 861 886 quae
891 839 1050 887 pertinet
1078 839 1124 875 ad
1153 840 1266 876 animi

80 893 409 940 perturbationem,
425 905 498 928 una
511 905 566 928 res
584 892 731 928 videtur
743 905 912 928 caussam
926 893 1266 935 continere,omnes

80 957 143 981 eas
176 958 255 982 esse
289 945 326 981 in
356 954 482 982 nostra
514 952 708 993 potestate,
741 958 868 981 omnes
892 946 1034 994 judicio
1061 953 1264 995 susceptas,

81 1010 211 1035 omnes
232 999 471 1035 voluntarias.
530 999 604 1035 Hic
623 999 737 1046 igitur
755 1011 853 1035 error
872 1007 926 1035 est
943 999 1167 1047 eripiendus,
1185 1000 1267 1037 haec

82 1051 310 1088 detrahenda
329 1053 453 1100 opinio
474 1059 598 1100 atque,
621 1060 662 1088 ut
681 1053 719 1087 in
738 1053 847 1088 malis
867 1053 1026 1100 opinatis
1046 1053 1265 1098 tolerabilia,

82 1104 135 1140 sic
153 1105 191 1141 in
213 1105 319 1141 bonis
339 1106 521 1141 sedatiora
550 1112 638 1141 sunt
657 1105 848 1141 efficienda
876 1119 930 1149 ea,
952 1119 1038 1154 quae
1068 1119 1203 1154 magna
1230 1115 1267 1144 et

81 1158 261 1194 laetabilia
279 1159 478 1194 ducuntur.
535 1159 661 1206 Atque
680 1159 750 1194 hoc
769 1159 920 1206 quidem
937 1172 1133 1195 commune
1148 1160 1266 1196 malo-

81 1223 164 1248 rum
185 1219 221 1249 et
239 1213 434 1256 bonorum,
458 1219 510 1254 ut,
534 1212 655 1260 sijam
677 1212 826 1247 difficile
846 1212 892 1248 sit
912 1213 1144 1260 persuadere,
1173 1213 1267 1250 nihil

82 1277 207 1301 earum
229 1277 362 1308 rerum,
384 1278 470 1313 quae
491 1266 708 1313 perturbent
727 1266 907 1309 animum,
929 1272 993 1301 aut
1012 1265 1049 1300 in
1076 1266 1183 1301 bonis
1203 1274 1267 1303 aut

81 1318 120 1354 in
151 1319 257 1354 malis
286 1331 366 1354 esse
395 1319 622 1362 habendum,
653 1325 776 1354 tamen
803 1319 875 1354 alia
904 1319 950 1354 ad
977 1318 1092 1354 alium
1123 1326 1267 1357 motum

82 1372 223 1408 curatio
255 1372 302 1408 sit
335 1371 556 1416 adhibenda,
588 1372 734 1420 aliaque
771 1372 911 1407 ratione
946 1372 1167 1415 malevolus,
1197 1373 1268 1410 alia

81 1432 234 1468 amator,
256 1425 328 1461 alia
347 1438 474 1461 rursus
494 1425 643 1469 anxius,
663 1426 735 1461 alia
755 1425 909 1461 timidus
929 1425 1180 1474 corrigendus·

135 1479 263 1526 Atque
300 1485 379 1514 erat
414 1479 532 1522 facile,
571 1485 789 1527 sequentem
828 1491 910 1514 eam
952 1479 1146 1521 rationem,
1181 1491 1267 1527 quae
1285 1487 1325 1516 66

82 1532 247 1567 maxime
276 1532 453 1580 probatur
484 1532 529 1568 de
561 1533 671 1568 bonis
704 1539 741 1568 et
770 1532 890 1575 malis,
923 1544 1056 1580 negare
1087 1545 1268 1580 umquam

82 1584 216 1621 laetitia
252 1585 347 1621 affici
384 1597 492 1632 posse
528 1585 779 1634 insipientem,
816 1586 917 1634 quod
954 1585 1045 1620 nihil
1089 1598 1268 1634 umquam

82 1637 236 1674 haberet
246 1638 348 1675 boni.
397 1639 470 1675 Sed
490 1639 681 1687 loquimur
699 1651 798 1675 nune
817 1651 919 1675 more
939 1639 1140 1675 communi.
1185 1639 1270 1676 Sint

85 1704 173 1728 sane
191 1692 262 1728 ista
291 1693 399 1735 bona,
421 1705 506 1740 quae
535 1699 726 1740 putantur,
755 1693 925 1734 honores,
956 1692 1111 1734 divitiae,
1137 1692 1268 1741 volup-

84 1751 192 1787 tates,
229 1751 371 1787 cetera;
404 1753 528 1781 tamen
557 1745 594 1781 in
631 1746 682 1781 eis
720 1745 809 1793 ipsis
844 1744 1036 1793 potiundis
1073 1745 1269 1782 exsultans

84 1797 321 1846 gestiensque
340 1798 473 1834 laetitia
488 1799 605 1846 turpis
625 1806 693 1842 est,
713 1805 768 1841 ut,
790 1798 819 1833 si
839 1798 956 1833 ridere
975 1810 1192 1835 concessum
1209 1799 1268 1844 sit,

85 1850 318 1898 vituperetur
336 1858 459 1887 tamen
489 1851 733 1887 cachinnatio.
792 1851 936 1887 Eodem
965 1851 1063 1887 enim
1094 1851 1183 1888 vitio
1213 1860 1269 1889 est

84 1904 217 1940 effusio
237 1904 350 1939 animi
369 1904 406 1939 in
426 1905 570 1947 laetitia,
593 1916 667 1952 quo
686 1905 723 1940 in
744 1904 869 1940 dolore
890 1904 1105 1948 contractio,
1120 1906 1268 1941 eadem-

85 1970 157 2005 que
177 1957 327 1993 levitate
356 1957 540 2005 cupiditas
568 1965 625 1993 est
651 1957 690 1993 in
718 1958 939 2006 appetendo,
970 1970 1044 2005 qua
1071 1957 1204 1994 laetitia
1230 1959 1269 1994 in

83 2011 255 2054 fruendo,
289 2016 326 2046 et
359 2017 400 2046 ut
434 2010 543 2046 nimis
577 2010 705 2046 afflicti
737 2011 917 2056 molestia,
953 2011 1004 2046 sic
1036 2011 1147 2046 nimis
1181 2012 1270 2048 elati

83 2063 218 2100 laetitia
231 2063 551 2112 jurejudicantur
567 2063 683 2100 leves.
741 2064 792 2100 Et
821 2077 938 2113 quum
967 2064 1132 2099 invidere
1159 2065 1268 2113 aegri—

85 2117 227 2152 tudinis
247 2117 306 2161 sit,
326 2117 431 2152 malis
451 2123 578 2152 autem
606 2116 736 2153 alienis
756 2118 987 2165 voluptatem
1015 2129 1144 2164 capere
1170 2117 1269 2154 laeti-

86 2169 174 2206 tiae:
203 2177 405 2218 utrumque
440 2170 669 2206 immanitate
700 2177 737 2206 et
766 2171 910 2206 feritate
944 2170 1103 2218 quadam
1134 2183 1268 2220 propo-

84 2223 209 2259 nenda
241 2223 410 2272 castigari
444 2223 549 2259 solet.
606 2223 733 2271 Atque
761 2230 803 2260 ut
836 2235 963 2259 cavere
994 2223 1111 2267 decet,
1140 2224 1270 2261 timere

85 2287 160 2312 non
181 2277 311 2321 decet3
344 2276 395 2313 sic
415 2276 574 2325 gaudere
594 2277 710 2319 decet,
730 2277 850 2313 laetari
869 2288 944 2311 non
964 2276 1080 2320 decet,
1094 2277 1270 2324 quoniam

87 2328 244 2365 docendi
263 2342 393 2366 caussa
411 2342 433 2365 a
451 2329 586 2377 gaudio
605 2329 774 2366 laetitiam
790 2329 1069 2377 distinguimus.

140 2381 244 2418 Illud
268 2383 345 2432 jam
375 2394 487 2431 supra
513 2382 693 2427 diximus,
712 2382 1002 2419 contractionem
1031 2382 1145 2418 animi
1174 2389 1271 2418 recte
1291 2389 1329 2422 67

652 2447 674 2472 1,
695 2438 717 2473 3
