1471 2585
74 71 266 124 47—49.]
460 85 565 109 BOOK
595 83 655 109 111.
675 84 793 110 cHAP.
815 74 879 110 20.
1216 76 1265 115 79

78 182 190 217 verbo
223 180 345 217 solum
376 179 503 227 posuit
532 180 776 228 voluptatem,
811 180 876 216 sed
910 180 1140 228 explanavit,
1173 181 1265 229 quid

76 234 226 271 diceret.
285 236 307 252 ‘⁶
323 234 513 281 Saporem,
535 233 670 281 inquit,
690 239 727 269 et
747 246 941 281 corporum
968 234 1208 281 complexum
1228 242 1265 270 et

61 286 185 324 'ludos
204 293 317 334 atque
337 293 468 322 cantus
494 293 530 322 ct
549 287 685 322 formas
711 299 785 329 eas,
806 287 943 335 quibus
973 288 1071 323 oculi
1095 287 1263 336 jucunde

75 340 334 377 moveantur.’'
392 341 495 376 Num
520 339 652 388 fingo?
696 353 788 376 num
814 340 1002 376 mentior?
1056 341 1178 389 Cupio
1204 354 1262 377 re·-

54 394 164 430 ›fellt
222 394 326 432 Quid
345 393 445 429 enim
468 394 607 437 laboro,
628 393 701 429 nisi
726 400 769 429 ut
785 393 920 430 veritas
950 394 987 429 in
1016 395 1116 430 omni
1136 407 1263 442 quaes-

75 447 174 483 tione
194 447 432 495 explicetur?
479 447 534 483 At
552 447 651 483 idem
671 447 734 491 ait,
755 459 831 483 non
852 460 1012 483 crescere
1030 448 1261 496 voluptatem
1280 452 1319 484 4?

75 500 200 536 dolore
235 501 412 544 detracto,
446 513 706 550 summamque
736 501 966 549 voluptatem
999 501 1092 536 nihil
1123 502 1260 538 dolere.

74 553 211 590 Paucis
231 554 352 590 verbis
372 554 442 590 tria
469 566 605 602 magna
632 560 796 602 peccata.
851 554 994 597 Unum,
1015 555 1117 601 quod
1136 567 1263 591 secum

73 606 154 655 ipse
173 613 329 656 pugnat.
388 608 504 644 Modo
525 608 636 650 enim,
657 620 704 643 ne
728 607 906 655 suspicari
925 607 1075 656 quidem
1100 621 1138 644 se
1157 609 1262 657 quic-

73 673 187 709 quam
207 662 359 705 bonum,
387 661 459 697 nisi
487 674 618 697 sensus
638 661 744 709 quasi
772 661 1011 697 titillarentur
1041 662 1260 710 voluptate3

73 726 174 750 nunc
205 721 344 758 autem,
378 727 562 750 summam
594 715 828 763 voluptatem
858 727 938 750 esse
969 714 1095 751 dolore
1129 728 1262 752 carere.

75 767 254 804 Potestne
273 768 391 817 magis
421 781 547 804 secum
574 767 663 816 ipse·
683 765 878 816 pugnare?
933 767 1103 804 Alterum
1133 781 1264 817 pecca-

75 827 169 865 tum,
202 822 314 869 quod,
346 834 462 870 quum
497 822 533 857 in
565 827 698 857 natura
724 821 793 857 tria
819 822 904 865 sint,
935 834 1053 858 unum
1089 823 1262 871 gaudere,

74 874 231 911 alterum
251 875 387 919 dolere,
408 874 560 911 tertium
579 888 648 911 nec
672 875 834 924 gaudere
862 888 930 911 nec
950 875 1086 919 dolere,
1110 876 1169 912 hic
1188 876 1263 924 pri-

74 940 178 964 mum
206 935 244 965 et
271 930 421 965 tertium
448 935 557 977 putat
584 928 682 964 idem
711 941 791 965 esse
821 941 888 964 nec
914 928 1112 977 distinguit
1139 942 1160 965 a
1188 942 1265 965 non

75 981 235 1018 dolendo
256 982 501 1030 voluptatem.
559 982 726 1018 Tertium
747 989 939 1030 peccatum
961 995 1158 1018 commune
1178 995 1264 1019 cum

75 1035 312 1082 quibusdam,
333 1036 445 1084 quod,
467 1048 583 1083 quum
605 1035 723 1071 virtus
750 1035 914 1071 maxime
939 1042 1138 1084 expetatur
1164 1036 1264 1084 ejus-

76 1100 150 1136 que
179 1089 429 1137 adipiscendae
458 1102 588 1124 caussa
616 1089 850 1137 philosophia
879 1090 1037 1137 quaesita
1065 1089 1125 1134 sit,
1156 1089 1219 1125 ille
1243 1102 1265 1125 a

77 1141 216 1177 virtute
237 1154 424 1178 summum
445 1142 586 1177 bonum
607 1142 803 1190 separavit.

129 1195 184 1231 At
210 1195 340 1231 laudat
368 1208 469 1243 saepe
492 1195 791 1231 virtutem—Et
819 1194 971 1242 quidem
992 1195 1036 1232 C.
1060 1196 1262 1240 Gracchus,
1283 1203 1322 1233 48

76 1260 192 1296 quum
212 1249 426 1297 largitiones
445 1248 629 1284 maximas
646 1248 793 1284 fecisset
811 1255 849 1284 et
867 1248 1060 1284 effudisset
1078 1249 1262 1293 aerarium,

77 1302 199 1338 verbis
219 1309 344 1338 tamen
363 1301 585 1338 defendebat
604 1302 790 1338 aerarium.
847 1301 951 1340 Quid
972 1303 1083 1338 verba
1101 1302 1262 1346 audiam,

78 1367 197 1403 quum
215 1356 311 1391 facta
330 1355 506 1392 videam?
562 1355 608 1390 L.
629 1355 716 1391 Piso
736 1355 799 1390 ille
822 1354 937 1403 Frugi
963 1368 1109 1403 semper
1137 1362 1265 1392 contra

75 1407 196 1457 legem
227 1409 506 1445 frumentariam
532 1408 690 1444 dixerat.
750 1408 802 1451 Is,
830 1408 912 1457 lege
942 1408 1028 1453 lata,
1060 1409 1264 1446 consularis

77 1462 125 1497 ad
145 1462 371 1499 frumentum
401 1461 662 1510 accipiundum
684 1468 846 1498 venerat.
902 1461 1085 1498 Animum
1104 1462 1265 1499 advertit

80 1515 269 1551 Gracchus
297 1516 334 1551 in
365 1515 536 1551 contione
556 1515 732 1551 Pisonem
763 1520 946 1559 stantem;
982 1516 1130 1563 quaerit,
1160 1516 1265 1552 audi-

78 1575 162 1604 ente
182 1569 320 1617 populo
342 1569 526 1613 Romano,
547 1568 613 1616 qui
629 1568 698 1604 sibi
717 1574 872 1612 constet,
888 1581 1003 1616 quum
1026 1582 1068 1605 ea
1086 1569 1167 1617 lege
1186 1569 1263 1605 fru-

77 1631 246 1659 mentum
267 1629 379 1670 petat,
401 1635 512 1670 quam
540 1622 767 1659 dissuaserit.
823 1623 846 1640 “
865 1621 1005 1665 Nolim,
1027 1623 1159 1670 inquit,
1181 1634 1264 1658 mea

75 1674 186 1719 bona,
208 1676 385 1719 Gracche,
406 1674 475 1712 tibi
491 1675 627 1711 viritim
645 1675 809 1711 dividere
825 1675 941 1711 libeat
958 1690 966 1719 ;
989 1676 1066 1720 sed,
1089 1675 1118 1710 si
1137 1675 1262 1718 facias,

75 1735 218 1776 partem
240 1729 402 1777 petam.”
459 1729 647 1765 Parumne
676 1728 877 1764 declaravit
904 1728 960 1764 vir
987 1729 1109 1776 gravis
1139 1735 1176 1764 et
1204 1741 1262 1764 sa-

75 1781 193 1828 piens,
214 1782 295 1831 lege
316 1783 534 1830 Sempronia
558 1782 822 1830 patrimonium
848 1781 1039 1829 publicum
1064 1781 1260 1830 dissipari?

77 1834 179 1883 Lege
216 1835 400 1871 orationes
430 1835 613 1871 Gracchi:
655 1842 853 1882 patronum
884 1835 1004 1871 aerarii
1036 1848 1114 1871 esse
1148 1835 1260 1872 dices.

77 1888 202 1937 Negat
234 1888 420 1936 Epicurus
448 1888 613 1936 jucunde
644 1900 753 1935 posse
787 1887 874 1931 vivi,
910 1888 981 1923 nisi
1011 1901 1095 1924 cum
1127 1889 1262 1925 virtute
1280 1896 1320 1924 49

76 1941 237 1986 vivatur,
270 1948 381 1989 negat
410 1942 529 1977 ullam
562 1942 600 1977 in
633 1941 836 1988 sapientem
868 1941 944 1977 vim
977 1954 1057 1977 esse
1088 1942 1261 1985 fortunae,

76 2000 227 2031 tenuem
248 1995 387 2031 victum
415 1995 572 2031 antefert
597 1994 758 2042 copioso,
779 2000 891 2043 negat
915 1995 1035 2030 ullum
1062 2007 1142 2030 esse
1166 2001 1262 2030 tem-

75 2060 160 2096 pus,
194 2061 267 2097 quo
295 2048 441 2096 sapiens
475 2060 550 2083 non
585 2047 716 2083 beatus
751 2047 810 2084 sit.
869 2048 1007 2084 Omnia
1038 2048 1262 2096 philosopho

76 2102 199 2150 digna,
221 2102 283 2138 sed
313 2114 397 2138 cum
426 2101 616 2148 voluptate
644 2101 1005 2149 pugnantia—Non
1035 2101 1144 2136 istam
1173 2101 1264 2137 dicit

75 2155 492 2203 voluptatem.——Dicat
512 2153 741 2201 quamlibet3
763 2167 897 2202 nempe
914 2167 994 2190 eam
1010 2153 1110 2197 dicit,
1132 2155 1169 2189 in
1189 2167 1263 2202 qua

77 2208 224 2244 virtutis
245 2209 349 2244 nulla
367 2221 450 2256 pars
471 2207 571 2243 insit.
629 2206 723 2256 Age,
745 2208 773 2244 si
795 2208 1029 2255 voluptatem
1048 2219 1122 2242 non
1149 2207 1261 2243 intel-

76 2260 239 2309 ligimus,
272 2275 318 2297 ne
352 2262 516 2297 dolorem
543 2260 724 2308 quidem?
783 2260 891 2308 Nego
918 2260 1033 2308 igitur
1060 2260 1260 2309 ejusesse,

76 2314 140 2360 qui
160 2315 286 2351 dolore
306 2327 494 2352 summum
520 2314 660 2350 malum
688 2314 875 2358 metiatur,
897 2313 1123 2350 mentionem
1144 2314 1262 2350 facere

76 2374 236 2404 Vlrtutis.
