1471 2585
169 1893 226 1922 118

242 84 294 117 40
569 92 772 118 TuchLAN
801 92 1099 117 DISPUTATIONS.
1194 77 1303 129 [11¹7,
1326 82 1415 118 118.

241 186 436 224 malorum.
495 187 566 224 Cui
594 187 754 224 rationes
785 200 852 231 eae,
880 199 966 236 quae
992 185 1216 234 exquisitius
1244 198 1265 221 a
1293 185 1416 235 philo-

243 240 370 288 sophis
406 241 644 290 colliguntur,
682 240 891 285 defuerunt,
933 240 1082 276 ubertas
1124 239 1298 276 orationis
1340 251 1416 275 non

242 293 373 330 defuit.

298 346 419 382 Clarae
442 360 528 383 vero
555 354 702 390 mortes,
733 359 796 395 pro
826 346 944 395 patria
973 346 1161 394 oppetitae,
1190 358 1264 381 non
1295 344 1416 381 solum

241 399 413 447 gloriosae
430 400 649 443 rhetoribus,
669 400 732 436 sed
752 400 860 436 etiam
880 401 998 436 beatae
1019 399 1133 435 videri
1149 399 1281 435 solent.
1338 398 1417 434 Re—

243 461 377 500 petunt
399 454 444 489 ab
466 453 685 497 Erechtheo,
712 453 818 502 cujus
847 454 957 489 etiam
987 453 1075 488 filiae
1104 452 1236 500 cupide
1261 457 1416 487 mortem

243 507 507 554 expetiverunt
525 504 590 554 pro
609 506 682 542 vita
699 507 835 542 civium
850 521 858 550 3
891 506 1067 549 Codrum,
1084 506 1149 553 qui
1165 517 1201 540 se
1218 505 1255 540 in
1275 504 1418 540 medios

242 559 397 595 immisit
415 559 539 596 hostes
559 567 659 595 veste
678 560 860 603 famulari,
882 572 928 594 ne
947 565 1070 607 posset
1089 558 1250 606 agnosci,
1271 558 1301 593 si
1320 564 1419 593 esset

243 619 375 648 ornatu
390 613 502 661 regio,
517 613 617 660 quod
632 613 821 649 oraculum
835 619 912 648 erat
926 612 1065 655 datum,
1080 612 1109 648 si
1126 624 1191 647 rex
1203 610 1419 647 interfectus

242 671 350 709 esset,
367 666 533 702 victrices
549 665 714 702 Athenas
727 665 815 701 fore.
843 665 1060 701 Menoeceus
1073 677 1145 700 non
1168 663 1419 712 praetermitti-

243 725 315 763 tur,
336 719 400 767 qui
419 719 508 755 item
529 719 676 755 oraculo
691 719 790 755 edito
804 719 959 767 largitus
979 726 1034 754 est
1052 718 1182 766 patriae
1203 729 1312 753 suum
1332 729 1418 752 san-

241 771 407 820 guinem.
465 772 661 820 Iphigenia
679 771 816 808 Aulide
837 772 921 808 duci
944 784 981 807 se
1008 771 1271 807 immolandam
1296 769 1419 818 J'ubet,

242 830 281 861 ut
300 825 449 861 hostium
469 826 640 861 eliciatur
657 838 732 861 suo.
774 824 942 862 Veniunt
961 825 1045 860 inde
1064 825 1109 860 ad
1129 824 1312 872 propiora.

295 877 443 914 XLIX.
475 878 705 914 Harmodius
730 879 768 914 in
793 891 854 914 ore
883 884 920 914 et
939 877 1156 926 Aristogito,
1178 877 1420 913 Lacedaemo-

241 931 328 967 nius
348 931 547 976 Leonidas,
569 932 772 968 Thebanus
792 931 1070 979 Epaminondas
1092 931 1203 977 viget.
1260 929 1418 966 Nostros

242 996 318 1020 non
331 992 488 1028 norunt3
510 997 603 1032 quos
619 997 831 1021 enumerare
847 996 1022 1033 magnum
1037 991 1111 1027 est3
1132 984 1183 1019 ita
1198 989 1286 1019 sunt
1297 981 1419 1026 multi,

242 1038 378 1086 quibus
400 1038 567 1074 videmus
587 1038 768 1086 optabiles
787 1044 924 1073 mortes
942 1037 1056 1073 fuisse
1077 1050 1162 1073 cum
1181 1036 1308 1084 gloria.

298 1091 396 1130 Quae
432 1104 548 1139 quum
585 1091 638 1127 ita
674 1091 759 1134 sint,
796 1103 931 1138 magna
963 1097 1086 1126 tamen
1120 1089 1333 1138 eloquentia
1364 1094 1422 1125 est

242 1145 424 1180 utendum
444 1151 555 1192 atque
574 1144 626 1180 ita
645 1144 748 1180 velut
767 1144 952 1192 superiore
973 1155 991 1178 e
1010 1143 1092 1180 loco
1117 1142 1419 1186 contionandum‚

241 1202 284 1232 ut
302 1197 472 1233 homines
491 1204 647 1233 mortem
666 1197 723 1233 vel
742 1204 867 1245 optare
896 1196 1075 1244 incipiant
1093 1196 1151 1232 vel
1175 1203 1271 1232 certe
1291 1195 1419 1231 timere

242 1250 435 1287 desistant.
481 1250 578 1286 Nam
596 1251 627 1286 si
645 1262 839 1298 supremus
857 1249 921 1285 ille
937 1250 1014 1285 dies
1030 1261 1103 1285 non
1120 1248 1421 1292 exstinctionem,

247 1303 310 1338 sed
344 1303 674 1339 commutationem
710 1303 816 1339 affert
849 1302 933 1345 loci,
968 1302 1057 1350 quid
1089 1302 1288 1350 optabilius
1305 1301 1319 1337 ’ἰ
1363 1301 1421 1337 sin

243 1362 368 1392 autem
396 1356 544 1404 perimit
570 1368 611 1392 ac
643 1356 741 1392 delet
766 1355 929 1398 omnino,
950 1355 1039 1402 quid
1067 1355 1213 1398 melius,
1241 1367 1351 1403 quam
1381 1353 1420 1390 in

243 1409 376 1445 mediis
397 1410 484 1445 vitae
507 1409 695 1444 laboribus
721 1408 989 1445 obdormiscere
1015 1415 1051 1444 et
1079 1409 1130 1444 ita
1159 1403 1420 1444 conniventein

245 1474 374 1498 somno
391 1462 573 1509 consopiri
593 1462 814 1510 sempiterno
830 1462 844 1497 ?
883 1461 996 1500 Quod
1015 1461 1045 1497 si
1064 1461 1141 1505 fiat,
1158 1461 1286 1498 melior
1305 1460 1420 1497 Ennii

246 1527 359 1564 quam
381 1516 530 1551 Solonis
548 1515 675 1551 oratio.
734 1515 809 1551 Hic
827 1515 926 1550 enim
946 1521 1093 1551 noster:

373 1588 477 1619 Nemo
488 1597 539 1660 nlre
554 1587 707 1618 lacrumis
723 1587 863 1626 decoret,
878 1588 988 1628 inquit,
1001 1598 1061 1618 nec
1075 1587 1190 1618 funera
1205 1588 1283 1618 fletu

528 1631 597 1661 axit
613 1633 620 1661 ἔ

244 1696 297 1733 At
316 1709 402 1733 vero
419 1697 483 1733 ille
502 1698 648 1746 sapiens
663 1711 671 1735 ε

403 1770 494 1801 Mors
508 1781 582 1801 mea
595 1781 635 1801 ne
650 1774 759 1801 careat
771 1770 933 1809 lacrumis,
948 1770 1131 1810 linquamus
1145 1769 1258 1800 amicis

458 1813 644 1853 Maerorem,
660 1818 695 1844 ut
711 1814 876 1845 celebrent
891 1814 1004 1844 funera
1020 1823 1091 1843 cum
1107 1813 1237 1854 gemitu.

298 1884 377 1921 Nos
398 1897 496 1929 vero,
518 1886 547 1921 si
565 1886 655 1933 quid
674 1887 746 1922 tale
766 1886 948 1931 acciderit,
966 1892 1009 1922 ut
1034 1899 1055 1922 a
1071 1887 1139 1922 deo
1159 1885 1418 1922 denuntiatum

246 1937 425 1981 videatur,
445 1946 488 1974 ut
506 1951 684 1974 exeamus
700 1953 719 1975 e
733 1940 821 1983 vita,
840 1940 918 1975 laeti
938 1946 975 1976 et
993 1946 1141 1986 agentes
1160 1939 1295 1987 gratias
1314 1951 1419 1987 pare-

244 2003 350 2027 amus
383 1991 574 2039 emittique
603 2004 671 2027 nos
707 2005 726 2028 e
759 1993 928 2029 custodia
957 2000 994 2028 et
1022 1992 1135 2028 levari
1163 1992 1293 2028 vinclis
1320 1992 1418 2028 arbi—

244 2050 395 2089 tremur,
416 2051 459 2080 ut
479 2044 597 2080 autin
620 2047 796 2081 aeterna'm
817 2052 853 2081 et
880 2046 989 2094 plane
1013 2046 1052 2082 in
1077 2051 1238 2080 nostram
1266 2045 1417 2081 domum

243 2097 495 2145 remigremus,
515 2105 580 2133 aut
605 2098 706 2133 omni
728 2110 838 2134 sensu
857 2099 1099 2146 molestiaque
1119 2110 1329 2141 careamus;
1361 2097 1416 2133 sin

244 2157 369 2185 autem
400 2150 492 2187 nihil
522 2151 811 2194 denuntiabitur,
846 2164 889 2187 eo
915 2159 1037 2188 tamen
1067 2151 1181 2187 simus
1211 2151 1344 2194 animo,
1375 2157 1420 2186 ut

243 2201 454 2239 horribilem
492 2203 599 2239 illum
640 2203 738 2239 diem
783 2204 862 2240 aliis
902 2205 1009 2240 nobis
1045 2204 1206 2240 faustum
1245 2211 1418 2251 putemus

243 2254 410 2303 nihilque
435 2257 473 2292 in
501 2257 609 2293 malis
628 2257 820 2299 ducamus,
841 2258 940 2305 quod
967 2258 1014 2293 sit
1039 2257 1098 2292 vel
1125 2269 1145 2292 a
1171 2256 1240 2292 diis
1267 2257 1417 2292 immor-

246 2308 380 2344 talibus
402 2309 459 2344 vel
479 2322 499 2345 a
518 2319 660 2354 natura,
677 2317 827 2357 parente
844 2310 1022 2353 omnium,
1035 2309 1292 2346 constitutum.
1330 2308 1417 2345 Non

245 2361 342 2397 enim
363 2368 498 2398 temere
517 2375 583 2398 nec
603 2362 753 2399 fortuito
774 2363 843 2399 sati
863 2370 901 2399 et
919 2363 1029 2400 creati
1055 2375 1207 2408 sumus3
1239 2362 1304 2398 sed
1330 2374 1416 2411 pro-
