1471 2585
104 100 297 153 87—90.]
470 113 574 138 BOOK
603 113 639 137 v.
662 113 778 138 cHAP.
801 102 970 138 30—32.
1213 104 1284 138 145

103 216 240 259 potest.
274 209 460 257 Sequetur
478 208 592 257 igitur
609 207 742 245 horum
760 207 902 244 ratione
917 208 978 244 vel
993 207 1039 244 ad
1059 207 1285 256 supplicium
1304 214 1342 245 87

50 310 54 313 Δ
105 265 213 300 beata
241 263 318 299 vita
347 262 522 298 virtutem
554 274 715 310 cumque
749 274 792 297 ea
822 262 1021 297 descendet
1049 261 1087 297 in
1122 268 1283 305 taurum,

102 316 315 359 Aristotele,
337 315 559 359 Xenocrate,
581 315 805 363 SpeusippO,
828 315 1032 350 Polemone
1058 314 1282 358 auctoribus,

102 382 170 406 nec
184 381 264 405 eam
283 369 393 404 minis
407 376 473 405 aut
490 368 751 405 blandimentis
768 375 938 416 corrupta
954 369 1109 404 deseret.
1141 367 1284 403 Eadem

41 440 51 442 <
104 422 353 470 Calliphontis
378 422 446 458 erit
466 421 699 470 Diodorique
729 422 925 465 sententia,
946 434 1104 469 quorum
1125 427 1284 468 uterque

105 476 338 512 honestatem
358 475 409 511 sic
430 475 699 523 complectitur,
720 480 763 510 ut
782 475 917 516 omnia,
933 487 1020 522 quae
1042 475 1120 510 sine
1139 487 1181 510 ea
1197 477 1282 517 sint,

101 529 210 578 longe
231 529 264 565 ei
282 536 378 564 retro
399 529 572 577 ponenda
598 535 758 564 censeat.
817 528 971 575 Reliqui
999 528 1133 564 habere
1161 540 1200 563 se
1232 527 1284 563 vi-

101 583 236 618 dentur
253 582 472 630 angustius;
508 588 660 617 enatant
688 589 835 617 tamen:
868 581 1067 629 Epicurus,
1092 581 1282 629 Hierony-

100 647 184 671 mus
222 642 259 671 et
292 635 322 670 si
351 636 416 683 qui
454 641 553 676 sunt,
591 635 656 683 qui
686 635 873 671 desertum
910 635 1016 670 illum
1052 634 1281 670 Carneadem

100 695 230 725 curent
250 689 457 724 defendere.
517 689 638 725 Nemo
667 696 724 724 est
750 688 861 732 enim,
883 688 975 736 quin
1006 700 1133 723 eorum
1163 687 1281 723 bono-

100 755 182 778 rum
203 742 369 778 animum
389 749 496 790 putet
514 755 592 777 esse
607 742 773 790 judicem
803 754 966 789 eumque
995 740 1280 784 condocefaciat,

102 801 144 831 ut
162 808 216 840 ea,
238 808 323 843 quae
351 796 449 831 bona
476 795 620 831 malave
650 795 855 837 videantur,
883 795 1001 842 possit
1030 801 1278 829 contemnere.

101 849 198 885 Nam
221 862 308 897 quae
334 849 400 885 tibi
429 848 582 896 Epicuri
611 848 770 891 videtur,
805 848 932 883 eadem
962 848 1030 883 erit
1056 847 1280 895 Hieronymi
1300 853 1339 882 83

102 908 140 938 et
171 902 372 938 Carneadis
404 915 534 938 caussa
571 908 608 937 et
642 901 794 937 hercule
832 901 999 937 omnium
1035 901 1277 948 reliquorum.

103 955 200 994 Quis
219 956 318 992 enim
343 968 473 1004 parum
499 962 555 991 est
584 962 712 991 contra
742 962 900 991 mortem
929 961 993 991 aut
1022 954 1186 990 dolorem
1216 966 1280 1002 pa-

100 1015 204 1045 ratus
221 1009 234 1044 2

157 1062 358 1098 Ordiamur
382 1062 428 1097 ab
455 1074 511 1105 eo,
540 1062 570 1097 si
598 1062 730 1109 placet,
752 1074 863 1109 quem
889 1061 1052 1104 mollem,
1075 1073 1189 1109 quem
1214 1073 1281 1096 vo-

102 1115 305 1164 luptarium
339 1115 510 1151 dicimus.
578 1115 712 1153 Quid?
753 1115 784 1150 is
811 1115 878 1150 tibi
903 1122 1109 1150 mortemne
1135 1114 1284 1149 videtur

103 1181 149 1204 an
170 1169 335 1204 dolorem
352 1167 508 1203 timere?
536 1168 600 1216 qui
619 1181 703 1203 eum
725 1168 835 1207 diem,
852 1180 926 1214 quo
948 1167 1112 1210 moritur,
1133 1168 1282 1202 beatum

103 1222 278 1269 appellat,
298 1221 547 1268 maximisque
567 1221 757 1256 doloribus
777 1221 931 1256 affectus
950 1233 1012 1256 eos
1031 1221 1131 1268 ipsos
1151 1220 1282 1255 inven-

103 1281 225 1311 torum
256 1287 408 1310 suorum
439 1274 615 1310 memoria
648 1281 685 1310 et
717 1274 969 1309 recordatione
1003 1273 1182 1316 confutat,
1214 1285 1283 1309 nec

103 1328 185 1364 haec
205 1328 256 1364 sic
276 1328 363 1376 agit,
383 1335 426 1364 ut
445 1340 493 1363 ex
514 1334 677 1375 tempore
696 1327 803 1374 quasi
822 1327 965 1362 effutire
985 1327 1166 1362 videatur.
1224 1326 1283 1361 De

104 1388 222 1417 morte
242 1382 339 1416 enim
359 1381 411 1416 ita
431 1381 553 1423 sentit,
575 1388 616 1416 ut
635 1380 816 1416 dissoluto
837 1381 1024 1415 animante
1045 1392 1193 1415 sensum
1214 1392 1282 1415 ex-

105 1435 279 1470 stinctum
301 1441 418 1482 putet,
436 1435 536 1481 quod
556 1441 679 1469 autem
700 1446 811 1469 sensu
831 1439 963 1476 careat,
983 1432 1075 1468 nihil
1095 1433 1138 1468 ad
1159 1445 1227 1468 nos
1245 1432 1283 1468 id

99 1488 246 1536 judicet
264 1487 459 1536 pertinere.
518 1487 614 1522 Item
633 1487 677 1522 de
697 1487 822 1522 dolore
851 1493 948 1522 certa
973 1485 1096 1530 habet,
1118 1498 1205 1533 quae
1227 1498 1284 1521 se-

105 1547 252 1589 quatur,
269 1540 375 1588 cujus
392 1540 682 1586 magnitudinem
698 1540 878 1576 brevitate
894 1539 1118 1582 consolatur,
1136 1539 1283 1587 longin-

106 1594 285 1642 quitatem
309 1593 475 1630 levitate.
534 1593 610 1631 Qui
636 1593 783 1628 tandem
810 1593 873 1628 isti
897 1592 1131 1640 grandiloqui
1157 1600 1284 1627 contra
1302 1599 1341 1629 89

105 1647 188 1683 haec
206 1647 293 1690 duo,
314 1659 400 1694 quae
421 1647 583 1682 maxime
607 1653 759 1694 angunt,
785 1646 919 1682 melius
947 1658 984 1680 se
1012 1645 1151 1680 habent
1171 1658 1284 1692 quam

106 1700 323 1748 Epicurus?
363 1713 409 1735 an
439 1701 483 1735 ad
513 1707 643 1742 cetera,
675 1711 760 1746 quae
793 1699 891 1734 mala
920 1706 1108 1746 putantur,
1142 1710 1218 1733 non
1247 1704 1285 1733 et

109 1753 294 1801 Epicurus
332 1760 369 1789 et
405 1753 537 1800 reliqui
569 1752 777 1800 philosophi
811 1752 899 1787 satis
932 1751 1050 1799 parati
1083 1751 1282 1787 videntur?

109 1806 204 1844 Quis
233 1819 307 1841 non
336 1814 588 1854 paupertatem
619 1805 860 1841 extimescit?
898 1817 1018 1852 neque
1038 1811 1161 1840 tamen
1182 1805 1284 1852 quis-

107 1872 218 1908 quam
238 1859 556 1906 philosophorum.

161 1912 336 1948 XXXII.
376 1912 448 1947 Hic
478 1924 564 1947 vero
592 1911 670 1958 ipse
696 1923 808 1958 quam
837 1923 950 1959 parvo
979 1918 1034 1947 est
1062 1911 1283 1946 contentus!

108 1965 230 2002 Nemo
251 1966 296 2000 de
315 1965 418 2001 tenui
437 1965 537 2000 victu
558 1964 665 2011 plura
683 1964 792 2002 dixit.
850 1964 998 2000 Etenim
1018 1976 1104 2011 quae
1133 1976 1190 1999 res
1219 1976 1284 2011 pe-

109 2019 230 2055 cuniae
261 2018 500 2066 cupiditatem
530 2018 698 2059 afferunt,
720 2024 762 2053 ut
786 2018 912 2061 amori,
936 2024 978 2053 ut
1005 2017 1210 2059 ambitioni,
1242 2022 1286 2052 ut

109 2072 334 2120 quotidianis
354 2071 564 2118 sumptibus
584 2071 700 2118 copiae
722 2078 933 2118 suppetant,
954 2082 1069 2118 quum
1089 2069 1218 2117 procul
1238 2069 1284 2105 ab

108 2125 154 2160 iis
186 2124 360 2160 omnibus
396 2125 507 2160 rebus
544 2123 652 2168 absit,
686 2137 749 2160 cur
780 2125 974 2172 pecuniam
1007 2135 1141 2170 magno
1175 2135 1284 2170 opere

110 2178 292 2214 desideret
321 2178 381 2213 vel
410 2177 533 2226 potius
563 2189 628 2212 cur
655 2186 757 2213 curet
787 2176 969 2213 omnino?
1032 2176 1093 2211 An
1127 2175 1284 2223 Scythes
1302 2183 1345 2213 90

111 2231 334 2267 Anacharsis
354 2231 475 2279 potuit
494 2242 560 2278 pro
578 2229 694 2265 nihilo
713 2231 905 2279 pecuniam
923 2230 1077 2265 ducere:
1104 2236 1286 2265 nostrates

111 2284 322 2332 philosophi
348 2284 466 2320 facere
494 2295 566 2319 non
598 2283 799 2329 poterunt?
856 2283 964 2318 Illius
991 2281 1147 2330 epistola
1172 2282 1288 2318 fertur

112 2337 170 2372 his
199 2336 343 2373 verbis:
382 2338 672 2373 “ANACHARSIS
705 2337 906 2373 HANNoNt
937 2347 1132 2372 SALVTEM.
1192 2335 1287 2371 Mihi

114 2389 263 2426 amictui
283 2397 340 2427 est
365 2390 584 2439 Scythicum
612 2390 786 2438 tegimen,
817 2390 1098 2425 calciamentum
1122 2389 1285 2425 solorum

1052 2456 1074 2479 o
