1471 2585
57 101 247 153 74—76.]
402 115 507 139 Boox
537 115 563 139 1.
594 115 712 140 cHAP.
743 106 805 148 30,
838 105 900 140 31.
1186 109 1234 142 25

55 211 102 248 iis
120 223 219 259 saepe
239 221 310 245 usu
332 209 444 253 venit,
465 209 531 257 qui
557 222 676 257 quum
704 210 835 247 acriter
863 209 981 246 oculis
1002 209 1235 248 deficientem

57 265 171 301 solem
204 264 447 306 intuerentur,
482 269 525 298 ut
556 263 772 311 adspectum
812 263 964 299 omnino
999 264 1234 309 amitterent;

46 317 109 354 'sic
122 316 257 353 mentis
272 316 368 352 acies
384 329 421 352 se
434 316 514 364 ipsa
526 316 674 352 intuens
690 329 972 365 nonnumquam
992 317 1168 361 hebescit,
1189 319 1236 354 ob

56 383 210 418 eamque
244 382 413 405 caussam
446 370 723 417 contemplandi
752 371 982 418 diligentiam
1017 371 1234 409 amittimus.

40 424 191 472 -Itaque
224 423 410 466 dubitans,
439 422 763 471 circumspectam,
797 423 987 467 haesitans,
1019 425 1139 461 multa
1171 426 1236 461 ad-

55 490 160 513 versa
179 489 360 517 reverens,
381 482 571 524 tamquam
589 477 628 512 in
647 483 724 512 rate
744 477 782 512 in
803 477 894 513 mari
909 477 1090 513 immenso
1110 485 1237 514 nostra

57 530 204 567 vehitur
223 530 352 566 oratio.

109 584 184 619 Sed
202 583 283 619 haec
302 589 339 619 et
358 590 481 620 vetera
497 590 533 620 et
551 596 572 619 a
591 583 746 620 Graecis.
805 584 899 620 Cato
919 590 1043 620 autem
1072 584 1123 620 sic
1147 585 1237 621 abiit

54 649 76 673 e
105 637 195 680 vita,
226 644 269 672 ut
297 650 467 673 caussam
485 637 667 673 moriendi
686 644 837 673 nactum
867 650 905 673 se
935 650 1014 673 esse
1043 638 1233 685 gauderet.

55 690 170 728 Vetat
188 690 285 726 enim
306 690 500 726 dominans
519 690 582 726 ille
597 691 635 726 in
651 691 759 727 nobis
779 691 871 727 deus
890 690 1035 739 injussu
1065 691 1149 728 hinc
1168 705 1237 728 nos

56 756 124 780 suo
150 744 378 792 demigrare3
411 756 529 792 quum
554 757 639 780 vero
666 757 834 780 caussam
860 744 1002 792 justam
1035 744 1127 780 deus
1158 745 1238 793 ipse

55 797 210 840 dederit,
238 804 278 832 ut
304 803 394 833 tunc
412 797 566 841 Socrati,
588 810 688 834 nunc
709 798 854 840 Catoni,
877 810 976 846 saepe
1005 797 1146 842 multis,
1176 811 1236 834 nae

56 850 132 894 iHe,
158 851 428 894 mediusfidius,
449 851 504 886 vir
533 851 679 899 sapiens
708 851 821 887 laetus
851 864 900 887 ex
930 851 987 886 his
1012 851 1174 887 tenebris
1199 852 1237 887 in

56 903 179 940 lucem
199 904 302 939 illam
322 905 534 940 excesserit.
592 904 670 940 Nec
701 911 826 940 tamen
852 905 916 940 illa
936 905 1057 940 vincla
1085 905 1238 941 carceris

55 957 198 1005 ruperit
216 957 333 1006 (leges
353 958 452 994 enim
472 959 632 1003 vetant),
655 958 720 994 sed
749 964 939 1006 tamquam
970 971 990 993 a
1018 958 1238 1006 magistratu

57 1017 123 1047 aut
141 1011 188 1046 ab
206 1011 329 1059 aliqua
344 1018 526 1059 potestate
540 1011 717 1060 legitima,
736 1012 787 1047 sic
805 1024 827 1046 a
843 1012 912 1047 deo
929 1019 1105 1047 evocatus
1125 1019 1237 1059 atque

57 1064 215 1100 emissus
235 1065 379 1100 exierit.
444 1064 533 1100 Tota
554 1065 652 1100 enim
674 1065 970 1114 philosophorum
1000 1066 1086 1109 vita,
1117 1072 1159 1101 ut
1186 1065 1238 1101 ait

56 1117 167 1160 idem,
189 1119 430 1153 commentatio
448 1119 570 1154 mortis
586 1124 647 1154 est.

108 1170 261 1206 XXXI.
284 1171 380 1206 Nam
389 1171 478 1218 quid
486 1171 584 1207 aliud
594 1171 749 1219 agimus,
759 1183 876 1220 quum
888 1183 909 1206 a
919 1171 1123 1219 voluptate,
1132 1171 1171 1207 id
1183 1176 1238 1207 est

58 1236 81 1260 a
95 1236 257 1272 corpore,
272 1236 388 1272 quum
404 1237 425 1260 a
441 1237 477 1260 re
493 1224 674 1269 familiari,
689 1237 777 1273 quae
793 1231 850 1260 est
864 1224 1033 1259 ministra
1048 1233 1084 1260 et
1099 1224 1239 1261 famula

58 1277 233 1326 corporiS‚
248 1289 365 1324 quum
386 1290 407 1313 a
425 1290 463 1313 re
482 1278 643 1325 publica,
663 1291 779 1326 quum
800 1291 820 1313 a
839 1278 989 1326 negotio
1009 1278 1110 1313 omni
1130 1290 1236 1314 sevo-

58 1343 185 1367 camus
215 1331 410 1366 animum?
447 1331 548 1379 quid,
577 1331 743 1379 inquam,
768 1337 848 1366 tum
874 1331 1031 1379 agimus,
1058 1331 1129 1366 nisi
1158 1331 1238 1367 ani-

58 1396 162 1420 mum
183 1384 227 1420 ad
247 1397 283 1419 se
299 1385 422 1432 ipsum
444 1385 680 1429 advocamus,
698 1396 824 1420 secum
842 1397 920 1420 esse
936 1384 1102 1431 cogimus
1117 1385 1239 1421 maxi-

59 1449 195 1486 meque
214 1450 234 1473 a
254 1450 403 1486 corpore
423 1438 670 1474 abducimus‘?
728 1439 926 1473 Secernere
955 1443 1082 1473 autem
1111 1450 1132 1473 a
1160 1451 1239 1474 cor-

59 1502 148 1538 pore
167 1491 332 1526 animum
352 1491 573 1540 ecquidnam
599 1491 701 1527 aliud
724 1497 780 1527 est
799 1503 911 1538 quam
941 1491 1054 1526 emori
1072 1491 1238 1527 discere?

61 1543 186 1582 Quare
209 1544 277 1580 hoc
306 1551 609 1589 commentemur,
640 1544 731 1580 mihi
758 1545 876 1589 crede,
907 1544 1240 1593 disjungamusque

60 1609 128 1633 nos
150 1610 172 1633 a
194 1598 418 1646 corporibus,
447 1598 485 1633 id
514 1605 580 1643 est,
608 1610 894 1634 consuescamus
924 1597 1029 1633 mori.
1089 1597 1172 1634 Hoc
1191 1605 1239 1642 et,

61 1650 149 1686 dum
181 1651 316 1687 erimus
346 1651 383 1686 in
416 1652 531 1695 terris,
567 1651 635 1688 erit
667 1651 721 1687 illi
752 1651 893 1687 caelesti
919 1651 1008 1686 vitae
1040 1651 1171 1695 simile,
1205 1658 1242 1687 et

61 1716 178 1752 quum
197 1704 287 1740 illuc
306 1717 352 1740 ex
380 1704 437 1740 his
464 1705 596 1741 vinclis
624 1704 749 1740 emissi
768 1704 937 1746 feremur,
967 1704 1090 1739 minus
1120 1704 1241 1740 tarda-

61 1757 162 1793 bitur
181 1770 310 1793 cursus
330 1758 551 1795 animorum.
609 1758 708 1794 Nam
731 1757 795 1805 qui
823 1757 862 1792 in
891 1757 1133 1805 compedibus
1162 1770 1241 1794 cor-

61 1810 159 1859 poris
187 1823 329 1859 semper
354 1811 514 1855 fuerunt,
546 1812 668 1854 etiam,
690 1823 806 1858 quum
834 1810 947 1846 soluti
973 1818 1071 1854 sunt,
1101 1811 1241 1846 tardius

61 1863 331 1911 ingrediuntur,
350 1872 391 1900 ut
410 1864 447 1907 ii,
463 1865 529 1913 qui
544 1866 637 1900 ferro
657 1863 773 1899 vincti
792 1863 930 1899 multos
946 1876 1061 1899 annos
1079 1864 1240 1901 fuerunt.

63 1917 152 1955 Quo
182 1930 299 1964 quum
337 1918 559 1962 venerimus,
593 1925 673 1953 tum
711 1917 870 1964 denique
905 1916 1087 1953 vivemus.
1144 1917 1243 1953 Nam

62 1969 145 2005 haec
169 1971 320 2018 quidem
347 1970 423 2006 vita
447 1984 545 2007 mors
571 1977 638 2015 est,
659 1982 771 2018 quam
799 1970 993 2006 lamentari
1021 1983 1180 2019 possem,
1213 1970 1243 2005 si

61 2022 205 2059 liberet.

117 2075 167 2112 A.
199 2077 296 2112 Satis
325 2083 366 2112 tu
395 2076 545 2124 quidem
573 2075 610 2111 in
636 2077 899 2113 Consolatione
927 2089 966 2112 es
994 2076 1240 2113 lamentatus:

64 2141 176 2177 quam
197 2142 311 2177 quum
333 2130 428 2178 lego,
450 2129 541 2164 nihil
559 2130 668 2174 malo,
689 2143 803 2179 quam
828 2129 892 2165 has
921 2142 978 2165 res
1006 2130 1212 2177 relinquere
1231 2144 1239 2174 ;

63 2182 122 2218 his
142 2195 228 2218 vero
250 2184 357 2219 modo
377 2182 525 2224 auditis,
546 2183 664 2219 multo
683 2184 812 2232 magis.
860 2181 918 2219 M.
941 2182 1078 2218 Veniet
1098 2190 1243 2231 tempus

64 2241 102 2271 et
120 2236 270 2284 quidem
291 2237 455 2272 celeriter
484 2242 520 2271 et
552 2237 629 2272 sive
658 2236 870 2273 retractabis
898 2235 975 2271 sive
1005 2236 1239 2284 properabis3

64 2288 166 2324 volat
185 2289 281 2325 enim
302 2297 404 2326 aetas.
447 2289 611 2324 Tantum
629 2297 755 2326 autem
773 2290 878 2325 abest
897 2289 943 2324 ab
964 2301 1019 2332 eo,
1041 2296 1083 2324 ut
1104 2290 1243 2325 malum

64 2353 164 2378 mors
198 2343 256 2386 sit,
287 2344 387 2391 quod
418 2342 486 2378 tibi
524 2342 665 2379 dudum
704 2343 908 2385 videbatur,
946 2348 991 2377 ut
1022 2355 1158 2387 verear,
1197 2355 1243 2379 ne

63 2393 204 2432 homini
223 2395 316 2432 nibil
336 2396 384 2432 sit
403 2408 479 2432 non
497 2395 639 2433 malum
659 2397 760 2433 aliud
779 2401 888 2439 certe,
910 2396 975 2431 sed
995 2395 1088 2431 nihil
1102 2397 1243 2431 bonum

1008 2461 1032 2484 D
