1471 2585
57 81 247 134 60—62.]
382 96 487 121 BOOK
506 96 565 121 111.
588 95 705 121 CHAP.
727 86 898 122 24—26.
1194 90 1246 125 83

56 192 186 229 tudine
222 191 413 236 afficiatur,
451 191 511 228 cui
546 191 609 227 ille
645 191 868 240 necopinato
913 204 1020 228 casus
1063 194 1242 230 evenerit.

58 246 194 294 Itaque
213 245 387 281 dicuntur
405 245 577 281 nonnulli
594 245 633 281 in
652 258 821 288 maerore,
842 257 959 293 quum
979 246 1025 282 de
1047 245 1117 283 hac
1142 259 1244 282 com-

56 294 165 335 'muni
182 299 379 335 hominum
401 298 613 335 conditione
633 299 876 342 audivissent,
904 312 945 335 ea
970 299 1052 348 lege
1075 312 1154 335 esse
1176 313 1244 335 nos

58 361 178 395 natos,
197 359 242 388 ut
266 364 375 388 nemo
400 352 438 388 in
466 359 688 400 perpetuum
718 365 798 388 esse
828 360 955 400 posset
982 365 1118 401 expers
1142 353 1243 397 mali,

49 405 207 454 gravius
225 405 337 442 etiam
357 405 500 442 tulisse.

110 458 238 495 XXV.
271 459 454 498 Quocirca
475 459 696 503 Carneades,
714 465 758 495 ut
773 458 882 495 video
899 465 1068 496 nostrum
1088 459 1245 495 scribere

56 511 299 557 Antiochum,
326 513 546 561 reprendere
574 512 827 561 Chrysippum
858 512 1002 549 solebat
1029 513 1246 549 laudantem

57 564 306 615 Euripideum
323 579 470 602 carmen
489 566 604 603 illud:

186 651 337 682 Mortalis
352 661 446 681 nemo
462 655 522 689 est,
538 653 635 691 que‘m
651 661 715 681 non
730 651 864 692 attingit
879 652 971 682 dolor

186 694 390 734 Morbfisque
406 705 414 732 ;
436 694 547 724 multis
563 696 639 724 sunt
654 694 811 724 humandi
826 695 933 733 liberi,

186 737 336 768 Rursum
353 738 496 776 creandi,
509 740 664 777 morsque
680 743 729 768 est
744 738 834 768 finita
851 739 1000 768 omnibus
1016 747 1024 774 ;

187 780 270 816 Quae
287 781 399 821 generi
413 780 554 810 humano
570 783 725 821 angorem
740 781 957 821 nequicquam
975 781 1126 811 afferunt.

186 823 368 854 Reddenda
383 829 481 854 terrae
497 829 545 854 est
560 827 649 854 te'rra
665 834 673 860 ;
694 828 764 854 tum
780 825 848 854 vita
864 825 1013 855 omnibus

188 866 356 906 Mete'nda,
370 872 407 897 ut
421 867 542 908 fruges.
588 867 642 898 Sic
654 867 749 908 jubet
765 867 962 899 Necessitas.

112 943 286 993 Negabat
314 957 434 993 genus
466 944 536 980 hoc
570 945 746 981 orationis
779 945 979 993 quicquam
1018 943 1170 981 omnino
1203 945 1249 981 ad
1268 949 1307 979 60

59 996 255 1034 levandam
292 998 553 1047 aegritudinem
581 999 777 1046 pertinere.
836 999 881 1034 Id
905 998 1002 1035 enim
1029 999 1152 1047 ipsum
1182 998 1249 1034 do-

60 1050 215 1086 lendum
234 1064 314 1086 esse
334 1051 491 1096 dicebat,
513 1052 614 1099 quod
633 1052 670 1087 in
687 1059 762 1088 tam
785 1052 972 1088 crudelem
991 1051 1250 1087 necessitatem

60 1103 331 1140 incidissemus.
391 1104 490 1140 Nam
522 1105 625 1140 illam
654 1105 805 1153 quidem
834 1105 1039 1141 orationem
1069 1118 1118 1141 ex
1149 1117 1250 1140 com-

61 1157 328 1194 memoratione
358 1158 562 1194 alienorum
592 1158 774 1194 malorum
809 1159 855 1194 ad
884 1159 1090 1194 malevolos
1119 1170 1250 1194 conso-

60 1210 193 1247 landos
212 1223 292 1247 esse
309 1212 638 1247 accommodatam.

116 1264 214 1300 Mihi
239 1277 325 1300 vero
358 1264 469 1312 longe
499 1265 646 1300 videtur
673 1277 790 1301 secus.
855 1265 954 1301 Nam
983 1271 1020 1300 et
1049 1264 1250 1300 necessitas

59 1317 223 1354 ferendae
259 1318 482 1354 conditionis
515 1318 691 1354 humanae
724 1318 830 1366 quasi
867 1330 951 1354 cum
986 1318 1055 1353 deo
1084 1330 1250 1366 pugnare

62 1370 212 1407 cohibet
226 1372 477 1420 admonetque
497 1384 575 1408 esse
595 1371 797 1414 hominem,
814 1384 900 1419 quae
921 1371 1095 1419 cogitatio
1115 1384 1251 1419 magno

63 1436 172 1473 opere
190 1425 334 1461 luctum
353 1425 466 1468 levat,
494 1432 530 1461 et
559 1425 787 1461 enumeratio
813 1424 1072 1473 exemplorum
1099 1437 1188 1467 non,
1209 1431 1251 1460 ut

63 1477 230 1514 animum
259 1479 526 1514 malevolorum
559 1478 730 1522 oblectet,
762 1478 922 1522 affertur,
945 1479 1007 1514 sed
1027 1478 1164 1521 utine,
1185 1478 1251 1525 qui

63 1542 206 1575 maeret,
238 1531 439 1568 ferundum
470 1532 540 1567 sibi
568 1532 606 1568 id
635 1538 794 1576 censeat,
825 1532 926 1580 quod
954 1532 1079 1567 videat
1111 1531 1250 1567 multos

63 1585 252 1621 moderate
285 1591 323 1621 et
350 1585 549 1633 tranquille
579 1585 723 1622 tulisse.
782 1586 969 1621 Omnibus
1000 1585 1099 1620 enim
1130 1584 1250 1620 modis
1269 1590 1307 1619 61

62 1637 241 1674 fulciendi
262 1645 360 1682 sunt,
382 1639 447 1687 qui
475 1646 591 1674 ruunt
618 1652 686 1675 nec
716 1638 900 1674 cohaerere
921 1644 1079 1686 possunt
1103 1645 1251 1685 propter

63 1692 361 1740 magnitudinem
378 1692 626 1740 aegritudinis,
670 1692 733 1728 Ex
753 1705 828 1739 quo
848 1692 968 1740 ipsam
989 1690 1251 1739 aegritudinem

64 1744 188 1788 λύπην
226 1745 473 1794 Chrysippus,
511 1746 617 1793 quasi
654 1745 877 1781 solutionem
918 1744 1033 1779 totius
1074 1743 1249 1788 hominis,

64 1798 289 1846 appellatam
322 1806 443 1846 putat.
502 1799 602 1837 Quae
633 1805 710 1834 tota
740 1797 876 1846 poterit
907 1797 1015 1833 evelli
1049 1797 1248 1845 explicata,

63 1858 107 1887 ut
133 1851 314 1900 principio
343 1852 435 1894 dixi,
466 1864 595 1888 caussa
624 1851 869 1900 aegritudinis.
927 1850 997 1886 Est
1020 1851 1118 1886 enim
1146 1851 1251 1887 nulla

64 1905 150 1948 alia,
189 1904 260 1940 nisi
295 1905 421 1952 opinio
459 1913 495 1940 et
528 1905 713 1953 judicium
750 1904 875 1953 magni
907 1903 1102 1952 praesentis
1139 1911 1251 1952 atque

64 1958 232 2006 urgentis
268 1957 369 1993 mali.
441 1957 576 2005 Itaque
613 1964 650 1993 et
692 1958 797 1994 dolor
833 1958 1007 2005 corporis,
1047 1957 1153 2005 cujus
1196 1964 1252 1992 est

65 2023 212 2047 morsus
232 2011 443 2054 acerrimus,
460 2011 664 2059 perferetur
683 2024 746 2059 spe
764 2012 952 2059 proposita
979 2010 1079 2053 boni,
1107 2017 1143 2045 et
1171 2016 1253 2045 acta

67 2071 159 2101 aetas
177 2064 334 2100 honeste
363 2076 403 2100 ac
433 2064 626 2112 splendide
644 2071 784 2101 tantam
813 2064 919 2100 affert
946 2063 1250 2107 consolationem,

66 2124 109 2153 ut
128 2130 202 2162 eos,
223 2118 289 2166 qui
312 2118 366 2153 ita
388 2117 562 2161 vixerint,
591 2125 657 2154 aut
685 2131 762 2154 non
791 2118 949 2166 attingat
977 2116 1162 2165 aegrimdo
1188 2123 1253 2152 aut

66 2171 264 2220 perleviter
281 2178 424 2219 pungat
441 2170 556 2206 animi
575 2171 691 2207 dolor.

121 2223 271 2260 XXVI.
313 2225 387 2260 Sed
420 2224 466 2260 ad
497 2224 592 2260 hanc
624 2224 836 2273 opinionem
866 2223 993 2271 magni
1019 2222 1109 2258 mali
1134 2235 1251 2270 quum
1270 2229 1308 2259 62

67 2276 132 2313 illa
168 2277 278 2313 etiam
317 2277 442 2326 opinio
477 2277 640 2322 accessit,
683 2285 863 2326 oportere,
897 2284 1039 2312 rectum
1077 2289 1168 2320 esse,
1205 2276 1252 2312 ad

69 2330 231 2366 officium
252 2331 446 2379 pertinere,
463 2331 555 2366 ferre
574 2331 669 2366 illud
689 2344 800 2379 aegre,
825 2330 926 2377 quod
945 2329 1140 2366 acciderit:
1170 2336 1251 2366 tum

71 2382 231 2432 denique
249 2383 407 2420 efficitur
422 2383 486 2420 illa
505 2384 627 2433 gravis
647 2383 879 2434 aegritudinis
897 2382 1138 2432 perturbatio.
