1471 2585
48 109 287 162 108—110.]
400 124 504 148 Boox
533 124 560 148 1.
590 124 707 148 anp.
737 114 908 150 44—46.
1170 115 1219 155 37

47 218 175 263 Vides,
196 223 335 267 quanto
365 218 446 254 haec
476 218 515 254 in
548 231 666 255 errore
694 225 898 256 versentur.
955 220 1110 256 Portum
1141 233 1221 257 esse

46 272 208 321 corporis
245 278 281 308 et
316 271 543 319 requiescere
578 272 618 307 in
659 272 827 320 sepulcro
873 279 981 321 putat
1018 281 1219 311 mortuum.

49 326 187 374 Magna
205 325 315 373 culpa
335 325 496 373 Pelopis,
517 325 581 373 qui
605 338 681 361 non
701 326 874 362 erudierit
905 327 1024 363 filium
1053 339 1121 363 nec
1154 327 1221 363 do-

48 378 175 421 cuerit,
196 385 380 426 quatenus
399 385 496 414 esset
514 378 677 426 quidque
696 379 916 416 curandum.

41 445 51 447 ·
100 431 222 468 XLV.
253 432 326 467 Sed
346 432 436 479 quid
457 432 685 480 singulorum
706 432 899 480 opiniones
918 434 1220 477 animadvertam,

47 484 238 520 nationum
269 484 389 520 varios
419 498 556 521 errores
579 485 782 533 perspicere
806 498 921 533 quum
947 487 1082 522 liceat?
1121 487 1220 523 Con-

47 538 154 574 diunt
165 538 336 586 AEgyptii
356 545 520 574 mortuos
533 544 569 574 et
581 551 643 574 eos
657 544 805 574 servant
817 539 916 575 domi
931 554 940 584 3
972 540 1096 576 Persae
1110 540 1220 576 etiam

47 603 128 627 cera
146 591 371 627 circumlitos
391 592 568 635 condunt,
590 598 632 627 ut
650 603 762 639 quam
789 593 954 629 maxime
983 600 1222 641 permaneant

46 644 220 681 diuturna
239 657 401 693 corpora.
459 645 656 693 Magorum
675 657 755 680 mos
781 652 848 689 est,
867 659 943 682 non
968 647 1122 682 humare
1142 660 1221 683 cor-

46 710 135 746 pora
154 710 317 741 suorum,
338 698 407 733 nisi
427 711 448 734 a
465 698 550 734 feris
569 698 642 734 sint
660 704 744 734 ante
763 698 912 735 laniata.
969 699 1014 735 In
1033 700 1223 748 Hyrcania

47 750 151 799 plebs
171 751 340 800 publicos
360 751 426 787 alit
454 764 573 794 canes,
594 752 790 799 optimates
819 752 1063 798 domesticos3
1094 753 1222 789 nobile

44 813 171 840 autem
189 817 306 853 genus
326 817 458 840 canum
477 805 571 841 illud
592 805 727 840 scimus
747 817 849 850 esse3
872 807 935 842 sed
954 819 1020 854 pro
1040 819 1107 842 sua
1119 807 1222 854 quis-

45 870 120 906 que
139 858 313 894 facultate
333 864 447 906 parat,
467 871 486 894 a
503 858 642 906 quibus
668 858 838 903 lanietur,
859 872 1013 907 eamque
1042 859 1222 908 optimam

45 910 100 947 illi
137 924 216 947 esse
252 919 403 947 censent
439 912 682 959 sepulturam.
746 911 937 949 Permulta
974 912 1045 948 alia
1082 913 1223 961 colligit

47 964 291 1013 Chrysippus,
321 972 362 1000 ut
390 971 446 1000 est
472 965 508 1000 in
539 965 639 1001 omni
670 964 823 1001 historia
855 966 1045 1009 curiosus;
1079 967 1142 1001 sed
1170 966 1223 1002 ita

46 1023 140 1054 tetra
167 1024 254 1053 sunt
282 1018 468 1066 quaedam,
497 1024 539 1053 ut
568 1031 610 1054 ea
636 1017 755 1065 fugiat
783 1025 819 1054 et
850 1019 1060 1055 reformidet
1092 1019 1220 1056 oratio.

47 1071 166 1107 Totus
185 1071 296 1119 igitur
323 1071 381 1107 hic
408 1071 513 1107 locus
541 1078 597 1107 est
624 1072 918 1108 contemnendus
945 1072 983 1107 in
1007 1072 1125 1116 nobis,
1147 1085 1222 1108 non

47 1124 289 1173 negligendus
309 1124 346 1159 in
366 1124 524 1168 nostris3
546 1124 597 1159 ita
616 1130 750 1167 tamen,
767 1131 808 1160 ut
827 1132 1054 1161 mortuorum
1071 1137 1224 1174 corpora

47 1177 141 1213 nihil
161 1177 294 1213 sentire
314 1177 390 1213 vivi
411 1178 626 1213 sentiamus.
684 1177 879 1215 Quantum
912 1185 1035 1214 autem
1064 1191 1221 1214 consue-

47 1230 168 1266 tudini
188 1231 372 1279 famaeque
395 1231 558 1266 dandum
579 1230 638 1274 sit,
658 1229 696 1265 id
725 1237 854 1266 curent
874 1231 971 1275 vivi;
1005 1232 1068 1267 sed
1097 1231 1160 1276 ita,
1179 1238 1224 1268 ut

44 1283 267 1332 intelligant,
289 1283 380 1319 nihil
400 1284 436 1319 id
456 1284 501 1319 ad
521 1290 686 1319 mortuos
705 1284 898 1331 pertinere.

101 1337 175 1373 Sed
203 1337 365 1384 profecto
395 1349 493 1373 mors
519 1344 599 1372 turn
624 1336 840 1384 aequissimo
869 1337 992 1373 animo
1022 1337 1221 1386 oppetitur,

48 1402 165 1438 quum
198 1390 275 1425 suis
303 1403 341 1426 se
370 1390 545 1426 laudibus
571 1390 649 1426 vita
678 1389 848 1426 occidens
876 1391 1056 1427 consolari
1086 1398 1221 1439 potest.

48 1443 168 1480 Nemo
197 1455 326 1492 parum
351 1443 415 1479 diu
444 1443 551 1486 vixit,
585 1443 650 1490 qui
686 1442 830 1479 virtutis
861 1444 1033 1492 perfectae
1062 1444 1223 1492 perfecto

48 1496 199 1533 functus
218 1502 274 1532 est
291 1509 454 1532 munere.
513 1496 637 1532 Multa
661 1496 752 1531 mihi
778 1496 851 1544 ipsi
878 1497 925 1533 ad
955 1503 1109 1533 mortem
1130 1504 1223 1533 tem-

48 1550 192 1598 pestiva
221 1549 383 1593 fuerunt,
415 1562 501 1597 quae
528 1549 673 1586 utinam
701 1549 906 1597 potuissem
940 1550 1060 1586 obire!
1119 1550 1224 1586 Nihil

49 1603 147 1639 enim
161 1603 239 1651 jam
260 1604 529 1651 acquirebatur,
546 1602 735 1639 cumulata
754 1610 859 1639 erant
878 1603 997 1639 officia
1016 1604 1118 1647 vitae,
1140 1616 1225 1639 cum

49 1656 198 1692 fortuna
218 1656 315 1692 bella
334 1657 534 1692 restabant.
592 1656 716 1695 Quare
743 1656 773 1691 si
791 1656 872 1704 ipsa
888 1657 980 1692 ratio
1001 1657 1125 1692 minus
1142 1669 1224 1704 per-

49 1709 159 1754 ficiet,
189 1716 232 1745 ut
258 1717 414 1745 mortem
443 1709 627 1758 negligere
654 1709 853 1756 possimus,
874 1716 912 1745 at
931 1709 1007 1745 vita
1032 1716 1113 1745 acta
1140 1722 1224 1757 per-

49 1762 160 1806 ficiat,
180 1768 223 1798 ut
242 1763 329 1798 satis
357 1775 539 1811 superque
562 1762 700 1798 vixisse
721 1762 924 1798 videamur.
983 1763 1224 1810 Quamquam

49 1816 148 1852 enim
169 1828 300 1851 sensus
319 1816 460 1860 abierit,
481 1823 604 1852 tamen
624 1815 699 1851 suis
724 1821 761 1850 et
788 1815 944 1863 propriis
972 1816 1078 1851 bonis
1103 1816 1224 1852 laudis

50 1875 88 1905 et
111 1869 253 1918 gloriae,
287 1869 457 1916 quamvis
494 1881 570 1904 non
608 1869 781 1912 sentiant,
815 1869 951 1904 mortui
976 1881 1051 1904 non
1085 1875 1222 1905 carent.

51 1922 134 1958 Etsi
153 1922 251 1958 enim
269 1922 360 1957 nihil
380 1922 491 1958 habet
510 1922 547 1957 in
568 1933 606 1956 se
625 1921 753 1969 gloria,
779 1934 844 1957 cur
869 1928 1077 1970 expetatur,
1099 1929 1224 1958 tamen

51 1975 224 2011 virtutem
244 1982 430 2022 tamquam
452 1975 583 2010 umbra
601 1974 778 2023 sequitur.

101 2028 247 2064 XLVI.
258 2028 396 2064 Verum
409 2027 844 2076 multitudinisjudicium
853 2029 896 2064 de
905 2029 1026 2072 bonis,
1037 2028 1223 2075 siquando

52 2082 244 2130 est,magis
257 2081 482 2117 laudandum
496 2087 564 2125 est,
574 2093 684 2128 quam
698 2082 751 2117 illi
764 2082 811 2118 ob
824 2094 903 2118 eam
917 2094 993 2117 rem
1007 2081 1116 2117 beati.
1139 2080 1224 2116 Non

51 2147 202 2183 possum
226 2142 349 2170 autem
369 2134 500 2177 dicere,
520 2146 671 2182 quoquo
694 2135 803 2171 modo
822 2135 890 2171 hoc
915 2135 1125 2181 accipietur,
1145 2134 1224 2182 Ly-

53 2200 220 2236 curgum,
251 2188 425 2223 Solonem
454 2188 580 2235 legum
609 2193 646 2223 et
677 2188 838 2236 publicae
869 2187 1074 2234 disciplinae
1105 2199 1225 2223 carere

51 2241 179 2289 gloria,
217 2240 518 2283 Themistoclem,
554 2240 851 2288 Epaminondam
886 2240 1030 2277 bellicae
1064 2240 1224 2276 virtutis.

53 2294 153 2329 Ante
182 2295 278 2329 enim
309 2294 533 2329 Salaminam
560 2294 678 2341 ipsam
705 2294 905 2343 Neptunus
939 2294 1081 2336 obruet,
1113 2305 1225 2341 quam

55 2346 247 2383 Salaminii
277 2347 408 2394 tropaei
438 2347 662 2391 memoriam,
691 2348 867 2396 priusque
893 2346 1040 2382 Boeotia
1066 2347 1226 2382 Leuctra

55 2399 243 2445 tollentur,
264 2406 375 2447 quam
395 2413 531 2449 pugnae
549 2400 754 2438 Leuctricae
773 2400 900 2449 gloria.
958 2399 1082 2436 Multo
1101 2406 1225 2436 autem

992 2464 1015 2488 E

1243 439 1300 468 108

1243 1184 1301 1213 109

1245 2035 1303 2064 110
