1471 2585
70 91 261 142 38—4o.]
476 105 582 129 BOOK
611 105 638 130 1.
659 105 775 129 GHAP.
801 93 861 133 17.
1201 98 1246 133 13

69 214 146 250 quo
177 205 266 238 sunt
299 199 529 237 mulierculae
561 206 599 236 et
633 200 751 249 pueri,
784 206 955 237 movetur
986 202 1141 238 audiens
1175 208 1249 240 tam

69 255 207 304 grande
226 265 374 290 carmen
389 267 397 290 :

133 330 259 362 Adsum
275 333 372 369 atque
384 330 520 359 advenio
538 326 726 360 Acherunte
742 331 810 367 vix,
825 331 877 361 via
893 332 959 362 alta
974 334 1072 372 atque
1088 331 1200 371 ardua,

134 375 199 405 Per
213 374 394 413 speluncas,
409 374 497 403 saxis
513 377 654 404 structas
670 374 804 413 esperis,
820 375 1046 414 pendentibus,

134 417 311 456 Maxumis,
327 416 381 447 ubi
398 416 503 456 rigida.
518 421 645 447 constat
660 420 770 447 crassa
786 418 889 458 caligo
903 418 1043 448 inferum
1059 429 1068 457 ;

70 491 291 534 tantumque
312 486 431 522 valuit
450 499 560 530 error,
582 487 646 535 qui
675 487 766 523 mihi
795 487 945 536 quidem
973 487 1051 536 jam
1081 488 1251 524 sublatus

69 541 229 583 videtur,
250 547 304 584 ut,
324 553 475 588 corpora
492 546 650 576 cremata
670 553 787 588 quum
808 541 953 583 scirent,
975 549 1097 577 tamen
1118 554 1160 577 ea
1175 542 1253 577 fieri

70 594 170 643 apud
203 594 338 629 inferos
372 595 567 641 fingerent,
600 607 687 642 quae
721 594 798 630 sine
832 595 1045 643 corporibus
1079 608 1146 631 nec
1174 595 1254 631 fieri

70 654 225 696 possent
244 659 310 683 nec
331 647 500 696 intelligi.
548 647 706 684 Animos
722 649 819 683 enim
836 661 900 696 per
916 661 953 683 se
972 649 1072 695 ipsos
1086 649 1254 685 viventes

70 713 147 737 non
177 707 348 750 poterant
379 707 502 737 mente
528 701 749 750 complecti3
780 701 935 737 formam
963 702 1127 749 aliquam
1156 703 1253 750 figu-

71 766 223 802 ramque
243 755 474 802 quaerebant.
533 755 626 790 Inde
648 755 803 791 Homeri
822 760 900 791 tota
929 757 1063 799 νεκυία,
1084 755 1169 791 inde
1198 769 1252 801 ea,

71 819 159 855 quae
179 820 284 844 meus
304 810 445 844 amicus
466 808 613 856 Appius
636 812 895 858 νεκυομαντεῖα
914 808 1095 854 faciebat3
1118 809 1202 845 inde
1216 809 1254 844 in

71 861 208 897 vicinia
227 868 352 897 nostra
371 863 511 897 Averni
530 862 644 906 laem,

157 934 254 968 Unde
270 939 387 968 animae
403 939 587 969 excitentur
603 939 740 969 obscura
757 939 884 977 umbra,
894 942 1008 979 aperto
1023 949 1064 969 ex
1080 940 1163 970 ostio

160 982 248 1013 Altae
264 982 475 1021 Acheruntis,
490 982 570 1012 falso
585 983 753 1023 sanguine,
764 985 967 1013 mortuorum
983 983 1149 1023 imagines.

77 1054 158 1091 Has
177 1060 299 1091 tamen
330 1055 509 1102 imagines
537 1055 641 1103 loqui
667 1055 811 1100 volunt,
841 1056 942 1104 quod
971 1056 1052 1092 fieri
1081 1069 1148 1092 nec
1178 1056 1257 1092 sine

72 1108 204 1157 lingua
222 1121 288 1144 nec
307 1108 384 1144 sine
405 1108 527 1156 palato
547 1121 614 1144 nec
635 1109 712 1145 sine
731 1109 906 1153 faucium,
922 1109 1092 1152 laterum,
1110 1109 1257 1157 pulmo-

74 1174 168 1198 num
187 1162 224 1197 vi
243 1170 280 1197 et
298 1162 417 1209 figura
436 1168 570 1210 potest.
629 1161 733 1197 Nihil
753 1162 851 1197 enim
871 1162 995 1198 animo
1013 1163 1136 1199 videre
1153 1170 1257 1211 pote-

74 1221 182 1258 rant3
215 1216 259 1251 ad
291 1215 418 1251 oculos
452 1215 576 1250 omnia
608 1215 828 1251 referebant.
886 1216 1017 1264 Magni
1049 1223 1174 1252 autem
1203 1222 1258 1252 est
1277 1223 1315 1251 38

74 1268 226 1317 ingenii,
249 1281 417 1304 sevocare
439 1275 599 1304 mentem
621 1281 642 1304 a
660 1269 830 1304 sensibus
859 1276 895 1304 et
923 1269 1183 1317 cogitationem
1212 1270 1258 1305 ab

75 1323 344 1358 consuetudine
374 1322 570 1358 abducere.
629 1321 762 1369 Itaque
794 1323 901 1358 credo
940 1323 1113 1370 equidem
1148 1322 1259 1358 etiam

76 1375 168 1412 alios
198 1382 253 1411 tot
286 1375 430 1415 seculis,
459 1376 534 1420 sed,
560 1376 661 1423 quod
691 1375 821 1411 litteris
855 1382 989 1420 exstet,
1025 1376 1259 1425 Pherecydes

77 1428 208 1477 Syrius
229 1429 370 1476 primus
390 1429 498 1473 dixit,
520 1429 662 1465 animos
682 1441 762 1465 esse
782 1429 975 1465 hominum
1002 1429 1258 1477 sempiternos,

77 1482 254 1530 antiquus
274 1495 386 1518 sane:
417 1482 488 1518 fuit
516 1482 615 1518 enim
639 1495 721 1518 meo
751 1490 928 1531 regnante
947 1483 1090 1531 gentili.
1150 1483 1260 1519 Hanc

76 1535 288 1584 opinionem
310 1536 513 1584 discipulus
533 1535 613 1584 ejus
633 1536 865 1584 Pythagoras
884 1536 1048 1572 maxime
1064 1537 1260 1572 confirma-

78 1589 157 1626 vit:
188 1590 265 1638 qui,
287 1602 402 1638 quum
432 1591 600 1637 Superbo
629 1596 805 1637 regnante
838 1590 875 1625 in
906 1590 1052 1625 Italiam
1085 1590 1259 1634 venisset,

79 1643 201 1679 tenuit
214 1655 386 1691 magnam
403 1643 502 1678 illam
520 1643 703 1679 Graeciam
720 1655 836 1691 quum
853 1643 991 1679 honore
1005 1650 1041 1679 et
1053 1643 1259 1690 disciplina,

79 1703 158 1732 tum
179 1696 289 1732 etiam
310 1697 539 1740 auctoritate,
561 1696 752 1744 multaque
773 1696 896 1732 secula
916 1704 1044 1744 postea
1073 1697 1123 1732 sic
1143 1696 1263 1744 viguit

80 1749 401 1799 Pythagoreorum
423 1762 570 1794 nomen,
590 1756 633 1785 ut
651 1749 746 1784 nulli
765 1750 826 1785 alii
847 1750 946 1785 docti
968 1750 1189 1785 viderentur.

132 1803 266 1840 XVII.
298 1804 371 1839 Sed
402 1803 509 1839 redeo
541 1803 586 1838 ad
617 1803 801 1850 antiquos.
860 1802 1059 1839 Rationem
1093 1803 1147 1838 illi
1178 1815 1262 1839 sen-

80 1857 209 1893 tentiae
230 1869 308 1892 suae
340 1869 413 1892 non
446 1856 518 1892 fere
538 1856 752 1899 reddebant,
773 1855 845 1891 nisi
875 1857 965 1904 quid
995 1864 1071 1892 erat
1099 1856 1263 1892 numeris

81 1916 146 1946 aut
164 1910 475 1958 descriptionibus
504 1909 783 1957 explicandum.
841 1909 1035 1945 Platonem
1066 1910 1200 1953 ferunt,
1221 1916 1264 1945 ut
1282 1919 1322 1948 39

83 1963 338 2011 Pythagoreos
358 1970 608 2010 cognosceret,
626 1962 666 1998 in
687 1962 834 1999 Italiam
855 1964 999 1999 venisse
1028 1971 1064 1999 et
1092 1963 1264 1998 didicisse

83 2016 319 2065 Pythagorea
338 2016 473 2060 omnia,
494 2016 732 2064 primumque
754 2017 799 2052 de
822 2016 1030 2052 animorum
1059 2017 1266 2052 aeternitate

81 2082 157 2105 non
179 2071 300 2105 solum
328 2070 485 2105 sensisse
514 2069 625 2113 idem,
647 2070 746 2116 quod
777 2070 1042 2118 Pythagoram,
1065 2070 1128 2105 sed
1157 2069 1267 2105 ratio-

82 2135 168 2159 nem
197 2123 307 2158 etiam
339 2123 520 2158 attulisse.
579 2123 716 2167 Quam,
751 2123 823 2159 nisi
857 2124 949 2171 quid
978 2123 1081 2166 dicis,
1113 2129 1266 2170 praeter-

83 2176 274 2212 mittamus
288 2183 324 2212 et
337 2176 431 2212 hanc
449 2182 561 2211 totam
581 2188 682 2224 spem
696 2177 984 2212 immortalitatis
1001 2176 1266 2224 relinquamus.

84 2228 135 2266 A.
167 2231 228 2266 An
256 2236 308 2271 tu,
330 2242 445 2276 quum
476 2242 533 2264 me
563 2229 600 2264 in
632 2242 817 2265 summam
851 2230 1168 2277 exspectationem
1203 2230 1267 2265 ad-

86 2282 251 2327 duxeris,
273 2283 444 2318 deseres?
503 2283 634 2318 Errare
654 2283 861 2319 mehercule
881 2283 978 2318 malo
996 2295 1080 2318 cum
1099 2283 1267 2326 Platone,

87 2348 198 2384 quem
220 2343 259 2372 tu
280 2337 410 2384 quanti
432 2336 541 2372 facias
561 2336 635 2371 scio
653 2343 689 2371 et
708 2349 818 2384 quem
838 2348 885 2372 ex
917 2343 981 2372 tuo
1010 2349 1070 2372 ore
1099 2336 1268 2379 admiror,

87 2400 199 2436 quam
229 2401 313 2425 eum
347 2390 428 2426 istis
460 2401 544 2425 vera
572 2389 721 2426 sentire.
777 2388 837 2425 M.
869 2389 992 2426 Macte
1014 2389 1170 2426 virtute!
1201 2401 1269 2437 ego
1288 2396 1328 2424 40

1039 2455 1057 2478 c
