1471 2585
151 116 176 151 6
471 128 675 154 TuchLAN
705 129 1006 155 insnum-ulons.
1137 115 1329 167 [14—16.

100 227 139 257 14
154 224 262 255 tum:
302 219 411 255 miser
439 219 500 256 M.
533 220 700 258 Crassus.
757 220 808 258 A.
839 221 899 258 Ita
927 221 1050 269 plane.
1118 219 1178 256 M.
1211 220 1331 260 Quasi

155 283 232 309 non
258 283 408 309 neeesse
427 274 486 318 sit,
505 274 682 322 quicquid
706 274 778 310 isto
804 275 915 310 modo
944 274 1173 323 pronuntieS,
1202 274 1240 310 id
1268 279 1335 311 aut

157 337 238 362 esse
259 331 324 361 aut
342 339 416 362 non
436 339 528 363 esse.
572 328 633 364 An
651 335 692 364 tu
712 328 913 364 dialecticis
933 340 978 364 ne
997 328 1164 364 imbutus
1183 327 1335 375 quidem

157 378 227 415 es?
284 377 331 413 In
357 380 484 428 primis
504 380 600 416 enim
621 380 690 417 hoc
711 381 887 418 traditur:
918 393 1026 417 omne
1052 381 1335 430 pronuntiatum

159 431 229 480 (sic
262 433 359 468 enim
392 433 483 469 mihi
517 434 556 470 in
593 434 792 482 praesentia
828 434 998 478 occurrit,
1031 441 1075 470 ut
1110 434 1336 482 appellarem

123 520 126 523 ,
159 485 326 536 ἀξίωμας
359 495 441 523 utar
460 494 545 536 post
562 487 647 532 alio,
665 488 696 523 si
712 488 888 524 invenero
907 487 1061 532 melius)
1079 502 1087 531 ;
1118 487 1156 523 id
1175 499 1261 536 ergo
1280 493 1338 524 est

160 540 452 588 pronuntiatum,
473 541 574 589 quod
593 547 650 577 est
668 553 797 577 verum
817 548 882 577 aut
898 541 1046 577 falsum.
1097 540 1226 579 Quum
1245 540 1338 576 dicis

159 593 295 641 igitur:
325 595 433 630 miser
461 593 520 630 M.
548 594 715 639 Crassus,
744 601 809 631 aut
833 594 903 630 hoc
927 594 1041 631 dicis:
1069 596 1178 630 miser
1205 599 1256 630 est
1273 591 1338 630 M.

166 645 333 690 Crassus,
360 654 402 683 ut
420 648 538 695 possit
554 647 727 696 judicari,
754 660 884 684 verum
913 648 951 683 id
975 646 1157 683 falsumne
1184 647 1243 690 sit,
1274 652 1340 683 aut

161 700 255 736 nihil
287 701 379 737 dicis
411 701 575 738 omnino.
640 700 690 738 A.
724 701 806 750 Age
832 701 912 749 jam
946 701 1118 744 concedo,
1152 712 1225 736 non
1259 712 1340 736 esse

161 754 327 799 miseros,
348 754 412 802 qui
431 754 569 791 mortui
595 754 679 798 sint,
701 754 877 803 quoniam
906 753 1106 797 extorsisti,
1134 759 1177 789 ut
1193 753 1339 797 faterer,

162 808 227 855 qui
261 808 412 844 omnino
444 820 520 843 non
553 815 687 852 essent,
719 820 781 844 eos
811 820 858 844 ne
890 807 1043 843 miseros
1075 806 1227 854 quidem
1260 818 1341 842 esse

162 873 284 909 posse.
334 860 462 900 Quid?
485 861 549 908 qui
565 861 737 905 vivimus,
753 873 868 909 quum
887 860 1116 896 moriendum
1138 860 1197 903 sit,
1215 871 1341 895 nonne

162 914 287 950 miseri
305 915 460 951 sumus?
495 915 595 953 Quae
615 914 713 950 enim
733 920 857 963 potest
875 914 912 950 in
930 913 1005 950 vita
1020 926 1098 949 esse
1113 912 1342 961 jucunditas,

164 979 279 1015 quum
300 968 378 1004 dies
407 974 444 1004 et
469 974 596 1004 noctes
624 968 862 1016 cogitandum
892 967 949 1011 sit,
976 967 1055 1015 jam
1080 966 1233 1014 jamque
1263 977 1343 1002 esse

163 1021 402 1057 moriundum
418 1021 433 1056 ’ἶ

109 1083 146 1114 15
217 1074 335 1111 VIII.
376 1073 436 1110 M.
472 1074 593 1122 Ecqui
626 1087 712 1122 ergo
741 1074 932 1122 intelligis,
966 1078 1148 1121 quantum
1185 1071 1273 1108 mali
1299 1071 1345 1108 de

164 1127 329 1164 humana
369 1127 581 1164 conditione
617 1127 826 1176 dejeceris?
896 1126 947 1164 A.
985 1127 1160 1165 Quonam
1200 1123 1343 1161 modo?

165 1180 225 1217 Μ.
260 1181 371 1223 Quia,
399 1180 430 1216 si
460 1181 554 1217 mori
579 1181 690 1217 etiam
716 1180 872 1216 mortuis
892 1180 1068 1216 miserum
1087 1184 1197 1221 esset,
1216 1177 1344 1214 infini-

165 1240 246 1270 tum
280 1234 467 1282 quoddam
498 1241 535 1270 et
564 1234 829 1283 sempiternum
862 1233 1001 1269 malum
1036 1232 1256 1268 haberemus
1285 1227 1346 1279 [in

167 1285 285 1336 vita];
316 1300 416 1324 nunc
435 1287 544 1323 video
563 1287 712 1329 calcem,
734 1287 780 1323 ad
795 1299 906 1334 quam
926 1299 1044 1334 quum
1065 1286 1112 1321 sit
1131 1286 1344 1329 decursum,

166 1340 260 1376 1111111
280 1341 327 1376 sit
352 1347 529 1388 praeterea
554 1341 887 1376 extimescendum.
945 1340 1020 1375 Sed
1040 1346 1082 1374 tu
1102 1339 1192 1374 mihi
1211 1337 1346 1374 videris

168 1393 395 1442 Epicharmi,
415 1394 514 1429 acuti
532 1406 599 1429 nec
619 1393 751 1430 insulsi
776 1393 948 1437 hominis,
977 1400 1021 1429 ut
1048 1392 1176 1435 Siculi,
1197 1397 1346 1427 senten-

167 1446 257 1483 tiam
287 1447 403 1494 sequi.
459 1445 510 1483 A.
539 1446 694 1486 Quam?
732 1459 807 1483 non
837 1446 935 1483 enim
961 1446 1061 1482 novi.
1119 1444 1179 1481 M.
1201 1440 1358 1487 Dicam:

169 1500 200 1536 si
219 1507 359 1548 potere,
377 1499 511 1536 Latine
528 1514 536 1544 ;
569 1500 639 1536 scis
659 1500 769 1544 enim,
790 1513 848 1535 me
870 1500 1001 1536 Graece
1026 1499 1130 1547 loqui
1155 1498 1192 1534 in
1213 1497 1349 1534 Latino

169 1565 336 1589 sermone
355 1565 429 1589 non
449 1553 536 1601 plus
555 1553 682 1596 solere,
698 1566 809 1601 quam
827 1553 865 1589 in
884 1553 1017 1590 Graeco
1038 1552 1184 1588 Latine.
1224 1550 1276 1587 A.
1297 1550 1350 1586 Et

167 1613 265 1643 recte
295 1607 460 1655 quidem.
520 1606 593 1643 Sed
630 1619 716 1654 quae
755 1607 904 1643 tandem
941 1612 998 1642 est
1031 1603 1245 1654 Epicharmi
1279 1603 1352 1640 ista

168 1660 377 1697 sententia?
407 1659 467 1696 M.

315 1743 428 1774 Emori
443 1744 516 1774 nol6
534 1754 543 1783 ς
564 1743 621 1775 sed
636 1753 688 1774 me
704 1753 775 1774 esse
790 1747 958 1774 mortuum
974 1743 1055 1774 nihil
1070 1747 1219 1773 aestumo.

172 1820 223 1858 A.
254 1821 334 1857 Iam
360 1834 518 1870 agnosco
550 1822 739 1858 Graecum.
802 1822 875 1858 Sed
907 1822 1083 1871 quoniam
1112 1818 1279 1869 coegisti,
1310 1823 1353 1856 ut

173 1875 423 1919 concederem,
445 1876 509 1923 qui
533 1876 670 1912 mortui
696 1882 832 1920 essent,
863 1888 925 1912 eos
954 1875 1108 1912 miseros
1141 1886 1216 1910 non
1244 1885 1350 1910 esse:

173 1928 320 1977 perfice,
342 1928 372 1964 si
390 1935 507 1976 potes,
527 1936 571 1964 ut
588 1941 634 1964 ne
655 1929 884 1966 moriendum
906 1930 1058 1978 quidem
1077 1940 1157 1964 esse
1176 1926 1353 1964 miserum

174 1987 316 2030 putem.

121 2042 159 2073 16
229 2033 290 2071 M.
326 2034 408 2070 Jam
441 2034 537 2071 istuc
570 2035 720 2082 quidem
753 2035 846 2071 nihil
876 2034 1015 2082 negotii
1047 2040 1116 2077 est,
1150 2032 1215 2069 sed
1240 2032 1352 2069 etiam

176 2087 316 2136 majora
334 2087 476 2124 molior.
532 2087 583 2124 A.
609 2089 695 2127 Quo
716 2089 825 2124 modo
844 2088 913 2125 hoc
932 2087 1025 2124 nihil
1042 2086 1181 2135 negotii
1200 2091 1268 2129 est,
1287 2091 1353 2122 aut

177 2153 263 2188 quae
298 2148 385 2177 sunt
416 2141 565 2176 tandem
597 2141 667 2177 ista
700 2141 867 2190 majora?
929 2139 990 2176 M.
1031 2140 1141 2183 Quia,
1174 2138 1353 2186 quoniam

177 2200 262 2242 post
280 2201 436 2230 mortem
455 2194 548 2230 nihil
567 2200 621 2230 est
641 2194 741 2236 mali,
761 2206 806 2230 ne
831 2207 930 2230 mors
948 2193 1097 2241 quidem
1123 2199 1180 2229 est
1198 2191 1352 2235 malum,

178 2247 236 2283 cui
267 2247 480 2294 proximum
510 2253 656 2296 tempus
682 2254 738 2283 est
772 2254 856 2295 post
887 2254 1055 2290 mortem,
1087 2246 1125 2282 in
1157 2256 1231 2293 quo
1263 2243 1353 2281 mali

178 2300 271 2336 nihil
291 2312 370 2336 esse
389 2300 559 2336 concedis
576 2314 583 2336 :
621 2300 672 2336 ita
689 2312 735 2335 ne
754 2301 985 2337 moriendum
1005 2299 1153 2346 quidem
1173 2309 1253 2334 esse
1271 2308 1351 2334 ma·

179 2353 258 2389 lum
278 2361 355 2398 est3
391 2353 428 2390 id
454 2361 509 2390 est
534 2353 645 2398 enim,
676 2353 969 2401 perveniendum
994 2365 1073 2388 esse
1101 2351 1148 2388 ad
1174 2351 1224 2395 id,
1251 2350 1352 2398 quod

177 2418 254 2443 non
273 2418 352 2443 esse
375 2406 515 2443 malum
541 2407 774 2444 confitemur.
828 2406 877 2444 A.
910 2405 1072 2443 Uberius
1095 2405 1178 2448 ista,
1204 2415 1350 2452 quaeso.
