1471 2585
112 81 304 134 46—48.]
474 95 579 121 BooK
611 96 645 120 v.
668 96 784 120 cHAr.
810 87 869 128 15,
894 86 953 120 16.
1216 86 1288 120 133

109 192 257 227 buenda
277 197 343 227 est.
403 191 514 229 Quod
535 191 565 226 si
584 191 635 227 ita
654 197 721 233 est,
741 191 930 226 laudabile
951 191 998 226 sit
1027 202 1176 226 necesse
1205 196 1260 224 est
1278 204 1286 229 ;

111 246 248 280 bonum
281 244 394 292 igitur
425 257 534 279 omne
567 243 763 280 laudabile.
822 244 883 279 Ex
921 257 994 292 quo
1032 243 1199 287 efficitur,
1236 250 1288 285 ut,

58 296 61 299 ’
111 298 209 346 quod
230 297 278 333 sit
297 297 505 339 honestum,
526 298 564 333 id
585 298 632 333 sit
650 297 768 332 solum
789 297 944 333 bonum.

164 350 274 387 XVI.
307 350 419 388 Quod
441 351 478 386 ni
494 351 547 386 ita
566 351 786 392 tenebimus,
803 351 922 386 multa
942 357 1062 394 erunt,
1079 363 1165 398 quae
1186 349 1290 385 nobis
1310 354 1348 383 {6

48 426 56 428 >
110 404 208 440 bona
235 403 390 439 dicenda
419 404 516 440 sint:
547 404 677 439 omitto
706 403 867 447 divitias,
899 416 992 451 quas
1021 416 1136 451 quum
1168 403 1290 451 quivis

111 457 281 505 quamvis
301 457 476 505 indignus
494 457 628 492 habere
648 457 777 505 possit,
798 457 835 492 in
866 457 973 492 bonis
1002 469 1075 492 non
1105 468 1260 492 numero
1279 471 1287 497 ;

110 510 210 558 quod
243 510 340 545 enim
377 517 433 545 est
461 510 614 553 bonum,
644 510 681 546 id
715 523 790 545 non
820 509 942 557 quivis
971 510 1105 546 habere
1141 516 1287 557 potest;

109 563 239 599 omitto
260 563 491 599 nobilitatem
511 564 720 612 famamque
749 563 964 611 popularem
994 563 1191 599 stultorum
1220 563 1291 598 im-

109 616 385 664 proborumque
406 629 589 652 consensu
619 616 845 658 excitatam;
877 616 969 659 haec,
991 628 1076 664 quae
1106 624 1193 652 sunt
1220 617 1290 651 mi·

109 670 220 712 nima,
241 677 363 705 tamen
385 670 481 705 bona
500 670 670 706 dicantur
688 682 839 706 necesse
860 676 926 712 est,
944 669 1132 704 candiduli
1149 670 1289 712 dentes,

109 723 259 759 venusti
288 723 396 765 oculi,
419 724 518 759 color
546 723 670 759 suavis
699 730 736 759 et
764 736 818 766 ea,
848 735 935 771 quae
966 723 1138 758 Anticlea
1165 723 1292 758 laudat

111 775 218 812 Ulixi
238 776 351 824 pedes
371 776 539 820 abluens,

324 853 482 884 Le'nitudo
498 852 662 892 orationis,
677 853 845 883 mollitudo
861 853 1005 892 corporis
1019 863 1029 892 ;

111 942 154 966 ea
187 930 218 966 si
249 931 347 966 bona
375 931 565 975 ducemus,
586 931 676 978 quid
705 931 773 966 erit
801 931 838 967 in
867 930 1078 980 philosophi
1099 930 1291 979 gravitate,

113 995 224 1031 quam
238 984 275 1019 in
292 984 395 1033 vulgi
416 985 589 1032 opinione
610 984 885 1032 stultorumque
901 985 1021 1028 turba,
1037 984 1136 1032 quod
1152 984 1294 1020 dicatur

111 1043 176 1072 aut
192 1037 342 1085 gravius
362 1046 427 1073 aut
444 1038 619 1085 grandius
635 1038 706 1073 2——

164 1091 217 1125 At
236 1089 333 1125 enim
354 1091 480 1126 eadem
510 1090 625 1126 Stoici
641 1091 838 1138 praecipua
867 1091 926 1126 vel
941 1091 1121 1139 producta
1150 1091 1291 1135 dicunt,
1312 1098 1351 1129 47

112 1155 198 1190 quae
218 1143 316 1178 bona
333 1143 606 1179 isti.-—Dicunt
618 1143 673 1178 illi
688 1144 851 1191 quidem,
869 1144 932 1179 sed
948 1145 1004 1180 his
1020 1145 1134 1179 vitam
1147 1145 1293 1180 beatam

112 1195 289 1244 compleri
309 1205 469 1244 negant3
502 1197 682 1232 hiantem
704 1197 782 1232 sine
810 1197 854 1232 iis
883 1209 962 1232 esse
991 1197 1132 1232 nullam
1161 1204 1296 1245 putant

112 1256 189 1292 aut,
210 1249 240 1284 si
261 1249 308 1284 sit
328 1251 446 1292 beata,
468 1249 718 1285 beatissimam
742 1257 837 1285 certe
863 1257 1011 1297 negant.
1072 1250 1148 1285 Nos
1169 1257 1292 1286 autem

112 1302 287 1338 volumus
308 1302 570 1346 beatissimam,
590 1303 702 1350 idque
722 1303 828 1338 nobis
850 1303 1035 1339 Socratica
1060 1303 1123 1339 illa
1143 1304 1293 1339 conclu-

113 1355 215 1391 sione
235 1356 486 1392 confirmatur.
545 1356 606 1392 Sic
635 1356 732 1391 enim
762 1356 931 1404 princeps
959 1356 1023 1392 ille
1048 1356 1294 1404 philosophiae

113 1408 340 1445 disserebat:
372 1409 494 1457 qualis
523 1409 704 1458 cujusque
733 1409 846 1445 animi
874 1409 1027 1445 affectus
1053 1417 1161 1454 esset,
1184 1410 1295 1445 talem

114 1474 192 1497 esse
212 1462 398 1498 hominem
415 1478 423 1507 3
447 1463 566 1511 qualis
585 1470 710 1499 autem
729 1463 839 1498 homo
859 1463 939 1510 ipse
959 1471 1066 1505 esset,
1083 1463 1193 1498 talem
1214 1463 1295 1511 ejus

114 1527 194 1550 esse
207 1516 407 1551 orationem
423 1530 432 1559 3
455 1516 612 1551 orationi
628 1524 752 1552 autem
768 1516 864 1552 facta
881 1516 1027 1560 similia,
1046 1516 1151 1552 factis
1165 1516 1293 1553 vitam.

114 1568 284 1604 Affectus
317 1576 439 1604 autem
473 1569 587 1604 animi
619 1569 657 1605 in
687 1570 785 1605 bono
814 1570 892 1605 viro
920 1569 1132 1612 laudabilis,
1153 1576 1190 1605 et
1221 1569 1296 1604 vita

113 1621 227 1670 igitur
245 1621 443 1658 laudabilis
461 1622 551 1658 boni
570 1623 650 1665 viri,
671 1628 709 1658 et
725 1622 880 1658 honesta
900 1635 998 1670 erg0,
1019 1623 1193 1670 quoniam
1213 1622 1294 1658 lau-

115 1674 260 1710 dabilis.
318 1675 380 1711 Ex
409 1675 559 1723 quibuS,
580 1676 763 1711 bonorum
792 1676 937 1711 beatam
961 1676 1073 1711 vitam
1094 1688 1185 1716 esse,
1207 1688 1293 1711 con-

116 1727 512 1772 cluditur.—Etenim‚
533 1741 599 1777 pro
620 1729 774 1764 deorum
803 1736 914 1776 atque
942 1728 1135 1764 hominum
1155 1729 1265 1764 fidem
1285 1729 1292 1765 1
1312 1737 1353 1766 48

115 1793 294 1828 parumne
314 1782 504 1830 cognitum
526 1789 581 1817 est
610 1781 859 1829 superioribus
879 1781 1013 1817 nostris
1033 1782 1295 1829 disputationi-

116 1835 198 1877 bus,
219 1846 266 1869 an
299 1834 554 1870 delectationis
588 1842 624 1870 et
655 1835 720 1870 otii
753 1835 995 1870 consumendi
1025 1848 1154 1871 caussa
1178 1835 1294 1871 locuti

117 1899 258 1929 sumus,
293 1888 495 1935 sapientem
534 1888 580 1923 ab
617 1887 719 1923 omni
745 1887 990 1923 concitatione
1023 1888 1148 1932 animi,
1182 1900 1294 1936 quam

116 1940 426 1988 perturbationem
459 1953 561 1985 voco,
582 1953 725 1988 semper
750 1941 905 1976 vacare?
935 1954 1078 1989 semper
1105 1942 1141 1977 in
1171 1941 1296 1977 animo

117 1993 196 2042 ejus
215 2005 294 2029 esse
314 1994 600 2042 placidissimam
620 1993 774 2041 pacem?
832 1993 900 2030 Vir
917 1994 1030 2042 igitur
1057 2001 1295 2042 temperatus,

117 2053 303 2090 constanS,
326 2047 404 2082 sine
424 2055 539 2091 metu,
561 2047 638 2082 sine
660 2047 893 2095 aegritudine,
907 2048 986 2083 sine
1006 2047 1192 2083 alacritate
1206 2047 1295 2090 ulla,

117 2099 199 2146 sine
228 2100 381 2136 libidine
413 2112 537 2135 nonne
566 2100 728 2136 beatus?
784 2101 837 2136 At
861 2113 1006 2148 semper
1033 2100 1178 2148 sapiens
1198 2099 1295 2136 talis.

119 2153 273 2200 Semper
291 2154 404 2202 igitur
422 2154 565 2189 beatus.
622 2154 703 2189 Jam
738 2166 821 2190 vero
853 2154 917 2201 qui
944 2160 1064 2201 potest
1091 2152 1147 2188 vir
1175 2153 1297 2189 bonus

117 2218 192 2241 non
221 2205 267 2241 ad
294 2207 343 2250 id,
366 2207 464 2256 quod
494 2206 678 2242 laudabile
706 2207 764 2249 sit,
790 2207 914 2243 omnia
941 2206 1082 2248 referre,
1111 2219 1196 2254 quae
1222 2207 1298 2254 agit

118 2271 280 2307 quaeque
300 2260 443 2296 sentit?
501 2259 630 2295 Refert
659 2266 782 2296 autem
812 2260 936 2295 onmia
967 2259 1012 2294 ad
1043 2259 1148 2294 beate
1171 2259 1297 2295 viven-

119 2313 232 2357 dum3
267 2313 374 2349 beata
402 2313 515 2361 igitur
545 2312 620 2348 vita
636 2313 861 2356 laudabilis3
892 2324 960 2347 nec
988 2312 1190 2360 quicquam
1219 2312 1297 2348 sine

120 2364 254 2402 virtute
274 2366 480 2411 laudabile3
512 2366 619 2402 beata
637 2366 750 2414 igitur
769 2366 845 2402 vita
865 2366 1000 2401 virtute
1019 2366 1225 2401 conficitur.

1060 2430 1085 2454 N
