1471 2585
143 513 180 542 91

138 1944 177 1973 91<

204 83 279 118 146
519 93 722 118 'ruscumn
752 92 1052 118 DISPUTATIONS.
1189 77 1379 130 [91—94.

202 187 350 232 callum,
371 187 490 223 cubile
516 193 622 231 terra,
652 188 937 236 pulpamentum
963 188 1105 231 fames3
1135 187 1243 231 lacte,
1260 200 1379 233 caseo,

201 253 309 276 carne
340 253 478 277 vescor.
536 241 661 279 Quare
692 250 733 276 ut
762 241 808 276 ad
836 241 1005 288 quietum
1034 253 1093 277 me
1121 240 1207 276 licet
1238 241 1378 278 venias.

202 293 362 330 Munera
392 301 516 329 autem
550 294 631 337 ista,
660 294 796 342 quibus
830 307 868 329 es
899 294 1114 337 delectatus,
1146 294 1204 329 vel
1234 293 1379 330 civibus

201 347 275 382 tuis
295 347 354 382 vel
373 347 442 382 diis
462 347 732 382 immortalibus
753 347 887 383 dona.”
926 347 1066 383 Omnes
1082 347 1154 383 fere
1170 346 1380 395 philosophi

202 400 367 435 omnium
388 399 678 447 disciplinarum,
700 400 770 435 nisi
791 412 885 447 quos
912 412 933 435 a
962 407 1060 435 recta
1081 400 1221 436 ratione
1248 407 1380 436 natura

201 453 335 488 vitiosa
354 453 581 497 detorsisset,
602 453 731 489 eodem
751 453 820 488 hoc
839 453 962 488 animo
982 465 1062 490 esse
1081 460 1296 501 potuerunt.

256 506 436 548 Socrates,
457 506 494 541 in
515 519 652 554 pompa
670 519 786 554 quum
813 519 949 553 magna
973 505 1028 541 vis
1056 506 1134 542 auri
1163 506 1380 554 argentique

200 558 377 595 ferretur:
405 557 520 598 Quam
535 559 645 595 multa
662 572 730 595 non
746 559 914 595 desidero
927 561 942 595 !
968 559 1103 606 inquit.
1138 558 1378 600 Xenocrates,

201 624 319 659 quum
338 612 451 660 legati
468 613 514 648 ab
534 612 752 648 Alexandro
772 612 1046 660 quinquaginta
1069 612 1102 648 ei
1122 612 1261 648 talenta
1279 620 1379 648 attu-

199 664 344 707 lissent,
361 678 448 712 quae
478 673 555 701 erat
580 665 736 713 pecunia
755 666 983 713 temporibus
1003 665 1088 708 illis,
1104 664 1264 701 Athenis
1282 678 1378 713 prae-

201 718 338 762 sertim,
349 719 524 761 maxima,
538 719 699 754 abduxit
710 719 852 766 legatos
863 719 909 754 ad
923 731 1064 754 coenam
1078 718 1116 753 in
1125 718 1378 762 Academiam,

199 770 244 806 iis
271 772 443 819 apposuit
477 778 635 815 tantum,
672 773 772 819 quod
800 771 888 806 satis
914 779 1022 816 esset,
1051 771 1156 807 nullo
1184 778 1378 819 apparatu.

201 824 332 862 Quum
365 825 542 872 postridie
563 831 734 873 rogarent
771 837 868 868 eum,
904 825 963 860 cui
995 824 1177 860 numerari
1204 824 1378 872 juberet:

204 876 304 916 Quid
319 878 336 913 ,7
366 891 426 913 vos
445 879 623 921 hesterna,
643 878 777 925 inquit,
797 877 940 914 coenula
970 891 1037 913 non
1063 877 1307 921 intellexistis,
1325 890 1396 917 me>

197 932 355 979 pecunia
375 944 442 966 non.
464 932 597 980 effere?
651 932 757 970 Quos
775 943 889 979 quum
910 931 1088 967 tristiores
1105 931 1270 975 vidisset,
1291 943 1376 967 xxx

198 983 317 1019 minas
338 983 489 1032 accepit,
511 996 555 1020 ne
575 985 759 1032 aspernari
780 984 875 1031 regis
900 984 1157 1020 liberalitatem
1177 984 1377 1021 videretur.

198 1037 253 1072 At
281 1049 367 1073 vero
393 1037 581 1084 Diogenes
610 1037 774 1081 liberius,
806 1044 846 1072 ut
874 1037 1051 1085 Cynicus,
1073 1037 1290 1073 Alexandro
1318 1049 1379 1073 ro-

198 1089 313 1137 ganti,
330 1098 373 1126 ut
389 1090 535 1134 diceret,
558 1090 589 1126 si
609 1091 699 1138 quid
719 1103 813 1138 opus
833 1097 953 1127 esset:
984 1089 1094 1127 Nunc
1111 1090 1251 1139 quidem
1268 1090 1379 1139 paul-

199 1142 323 1186 lulum,
342 1143 474 1190 inquit,
496 1156 518 1179 a
543 1144 629 1180 sole.
678 1144 863 1179 Offecerat
883 1143 1055 1180 videlicet
1079 1143 1270 1191 apricanti.
1328 1143 1380 1180 Et

197 1195 257 1232 hic
286 1196 436 1244 quidem
466 1196 654 1244 disputare
683 1197 836 1240 solebat,
858 1203 998 1243 quanto
1028 1209 1149 1245 regern
1180 1196 1378 1232 Persarum

197 1249 274 1285 vita
301 1250 523 1297 fortunaque
553 1256 768 1298 superaret:
810 1249 880 1284 sibi
911 1250 1003 1285 nihil
1032 1250 1171 1292 deesse,
1201 1249 1255 1284 illi
1286 1249 1379 1285 nihil

198 1302 286 1338 satis
313 1315 491 1350 umquam
511 1302 613 1347 fore3
646 1316 684 1338 se
713 1302 793 1350 ejus
819 1303 1030 1349 voluptates
1058 1314 1132 1338 non
1158 1301 1377 1346 desiderare,

197 1355 334 1403 quibus
359 1367 565 1403 numquam
585 1355 709 1392 satiari
727 1355 789 1390 ille
810 1363 957 1403 posset;
989 1367 1074 1391 suas
1094 1368 1180 1391 euni
1201 1356 1379 1403 consequi

196 1408 301 1443 nullo
321 1409 432 1443 modo
451 1421 571 1456 posse.

250 1460 448 1497 XXXIII.
487 1460 616 1504 Vides,
662 1460 781 1503 crede,
825 1467 868 1496 ut
906 1460 1093 1509 Epicurus
1130 1461 1377 1509 cupiditatum

196 1526 331 1561 genera
362 1514 527 1550 diviserit
562 1526 637 1549 non
674 1514 785 1548 nimis
819 1514 971 1549 fortasse
1008 1514 1202 1558 subtiliter,
1237 1514 1379 1551 utiliter

197 1574 321 1602 tamen
338 1581 346 1604 :
376 1567 508 1615 partim
530 1579 609 1602 esse
629 1566 815 1602 naturales
835 1574 872 1603 et
890 1567 1125 1611 necessarias,
1147 1567 1281 1615 partim
1309 1580 1376 1604 na-

196 1620 334 1656 turales
355 1627 390 1656 et
409 1632 483 1655 non
504 1619 739 1661 necessarias,
766 1620 897 1668 partim
924 1628 1120 1664 neutrum;
1153 1620 1376 1657 necessarias

197 1673 320 1709 satiari
351 1686 458 1721 posse
485 1686 593 1721 paene
622 1672 767 1717 nihilo;
810 1673 958 1709 divitias
991 1674 1088 1709 enim
1122 1680 1266 1709 naturae
1297 1686 1376 1709 esse

197 1727 403 1774 parabiles;
436 1727 640 1762 secundum
670 1733 793 1761 autem
821 1739 938 1775 genus
967 1727 1213 1774 cupiditatum
1240 1739 1307 1762 nec
1330 1727 1376 1762 ad

197 1779 413 1827 potiendum
435 1779 583 1814 difficile
612 1791 691 1814 esse
721 1787 845 1815 censet
871 1792 938 1815 nec
964 1792 1050 1815 vero
1076 1780 1122 1815 ad
1148 1780 1372 1823 carendum3

195 1832 333 1875 tertias,
366 1833 466 1880 quod
503 1839 626 1868 essent
657 1832 767 1880 plane
802 1833 930 1868 inanes
964 1845 1083 1879 neque
1117 1833 1374 1868 necessitatem

197 1885 321 1928 modo,
359 1886 421 1920 sed
460 1898 506 1920 ne
544 1892 714 1921 naturam
746 1886 896 1933 quidem
933 1885 1168 1933 attingerent,
1205 1886 1374 1921 funditus

197 1938 393 1986 ejiciendas
414 1938 573 1985 putavit.
633 1938 716 1974 Hoc
748 1938 829 1974 loco
855 1938 974 1974 multa
1002 1940 1049 1974 ab
1077 1938 1270 1986 Epicureis
1297 1938 1373 1974 dis-

198 1997 388 2038 putantur,
427 2003 556 2039 eaeque
594 1991 806 2038 voluptates
849 1992 1064 2039 singillatim
1109 1998 1373 2034 extenuantur,

196 2057 353 2091 quarum
369 2056 503 2092 genera
519 2056 592 2078 non
612 2050 867 2087 contemnunt,
886 2052 1064 2092 quaerunt
1079 2050 1201 2080 tamen
1216 2044 1372 2091 copiam.

196 2096 293 2132 Nam
323 2104 359 2133 et
389 2097 583 2133 obscoenas
607 2096 829 2144 voluptates,
857 2098 902 2133 de
922 2098 1058 2145 quibus
1081 2097 1199 2133 multa
1226 2097 1272 2132 ab
1299 2097 1373 2132 illis

196 2149 352 2186 habetur
380 2150 508 2193 oratio,
536 2149 671 2193 faciles,
703 2162 930 2194 communes,
960 2151 998 2186 in
1027 2150 1148 2186 medio
1177 2150 1264 2185 sitas
1293 2162 1372 2186 esse

195 2202 338 2246 dicunt,
359 2216 493 2251 easque
515 2203 545 2238 si
571 2208 701 2238 natura
728 2204 901 2250 requirat,
935 2215 1007 2239 non
1036 2215 1169 2251 genere
1196 2208 1261 2238 aut
1291 2202 1372 2239 loco

194 2263 259 2290 aut
280 2257 418 2299 ordine,
449 2257 512 2292 sed
539 2256 665 2298 forma,
695 2263 817 2297 aetate,
849 2257 966 2303 figura
994 2256 1196 2291 metiendas
1226 2262 1370 2302 putant,

194 2307 241 2344 ab
261 2308 379 2356 iisque
399 2309 580 2344 abstinere
603 2308 753 2344 minime
781 2321 858 2344 esse
879 2308 1036 2351 difficile,
1060 2309 1089 2343 si
1109 2314 1176 2344 aut
1195 2308 1371 2345 valetudo

194 2367 259 2397 aut
283 2361 444 2397 osticium
474 2368 538 2398 aut
564 2362 660 2398 fama
692 2362 868 2410 postulet,
899 2361 1124 2409 omninoque
1153 2373 1271 2409 genus
1300 2361 1371 2399 hoc
