1471 2585
215 116 290 153 120
533 128 737 152 TUSCULAN
767 127 1065 152 DISPUTATIONs.
1259 111 1395 164 [4—6.

212 223 292 272 ipse
321 223 556 259 considerans
586 222 673 258 huic
700 222 837 270 incipio
868 222 1064 258 sententiae
1085 219 1252 257 diffidere
1280 221 1396 258 inter-

213 277 305 313 dum
333 284 369 313 et
399 276 554 312 humani
586 276 730 324 generis
761 275 1054 311 imbecillitatem
1085 275 1397 323 fragilitatemque

213 331 468 366 extimescere.
527 329 667 366 Vereor
697 329 808 373 enim,
839 341 885 364 ne
918 334 1063 372 natura,
1097 340 1214 377 quum
1245 340 1398 376 corpora

213 384 321 420 nobis
352 383 498 418 infirma
527 383 689 418 dedisset
718 382 837 431 iisque
863 388 901 418 et
930 382 1079 417 morbos
1107 381 1331 417 insanabiles
1360 387 1398 417 et

213 437 358 473 dolores
379 436 630 472 intolerabiles
656 435 904 484 adjunxisset,
925 435 1066 470 animos
1086 447 1234 483 quoque
1254 434 1398 471 dederit

213 497 250 526 et
279 502 474 538 corporum
506 489 696 525 doloribus
730 495 975 537 congruentes
1013 496 1049 524 et
1083 488 1279 536 separatim
1317 487 1395 523 suis

176 551 196 579 4
213 544 413 591 angoribus
432 549 469 579 et
487 543 667 578 molestiis
687 542 909 590 implicatos.
967 542 1041 577 Sed
1067 542 1105 577 in
1133 542 1201 577 hoc
1230 553 1288 577 me
1317 541 1397 588 ipse

213 597 365 645 castig0‚
384 597 484 645 quod
510 609 558 632 ex
586 596 741 632 aliorum
762 602 799 631 et
818 608 865 631 ex
894 607 1021 631 nosira
1045 595 1197 630 fortasse
1227 594 1395 638 mollitia,

212 662 287 685 non
313 662 361 685 ex
390 651 471 698 ipsa
493 650 643 693 virtute,
674 649 719 684 de
747 649 895 684 virtutis
920 649 1049 684 robore
1078 648 1265 684 existimo.
1325 647 1397 684 Illa

213 703 326 748 enim,
348 703 378 739 si
397 703 508 739 modo
529 709 584 738 est
604 703 679 738 ulla
699 703 827 745 virtus,
848 714 961 750 quam
981 701 1250 738 dubitationem
1275 713 1395 736 avun—

213 756 320 792 culus
341 762 440 800 tuus,
462 757 589 799 Brute,
611 756 774 800 sustulit,
796 755 932 798 omnia,
951 767 1036 803 quae
1057 755 1185 791 cadere
1211 755 1249 790 in
1274 753 1396 790 homi-

212 822 298 846 nem
331 816 499 858 possunt,
531 810 659 845 subter
691 821 729 844 se
758 809 872 844 habet
902 821 1018 856 eaque
1052 808 1258 856 despiciens
1288 820 1396 843 casus

213 863 419 898 contemnit
454 863 638 898 humanos
671 862 856 910 culpaque
889 862 989 897 omni
1026 874 1154 897 carens
1192 867 1326 909 praeter
1358 873 1397 896 se

211 915 331 964 ipsam
350 916 443 952 nihil
463 922 588 951 censet
607 916 653 951 ad
681 928 718 951 se
744 915 938 964 pertinere.
997 915 1076 951 Nos
1105 922 1242 958 autem,
1272 914 1398 950 omnia

212 969 367 1005 adversa
399 982 517 1017 quum
550 969 737 1005 venientia
769 975 872 1004 metu
903 975 1093 1016 augentes,
1128 975 1207 1003 tum
1242 979 1396 1003 maerore

212 1023 423 1070 praesentia,
444 1035 564 1059 rerum
588 1029 758 1058 naturam
778 1035 892 1070 quam
916 1034 1073 1057 errorem
1103 1028 1271 1057 nostrum
1291 1021 1396 1056 dam-

212 1088 299 1112 nare
320 1076 519 1112 malumus.

177 1137 195 1165 5
268 1129 324 1165 II.
357 1130 431 1165 Sed
451 1136 488 1165 et
506 1129 619 1177 hujus
639 1129 760 1177 culpae
781 1134 818 1164 et
838 1134 1042 1164 ceterorum
1062 1127 1240 1163 vitiorum
1267 1140 1397 1175 pecca-

213 1189 412 1230 torumque
433 1189 641 1218 nostrorum
668 1181 787 1218 omnis
817 1194 838 1217 a
866 1181 1101 1229 philosophia
1128 1181 1289 1229 petenda
1316 1193 1397 1216 cor-

214 1236 327 1272 rectio
346 1243 414 1272 est.
474 1236 593 1283 Cujus
613 1236 649 1271 in
671 1236 794 1271 sinum
816 1247 931 1282 quum
962 1247 983 1270 a
1011 1234 1139 1282 primis
1168 1233 1398 1281 temporibus

214 1289 336 1325 aetatis
355 1296 482 1325 nostra
502 1289 676 1325 voluntas
702 1288 942 1335 studiumque
969 1300 1036 1323 nos
1067 1287 1321 1335 compulisset,
1341 1287 1398 1322 his

213 1342 442 1391 gravissimis
462 1343 608 1378 casibus
631 1342 668 1377 in
698 1342 857 1377 eundem
887 1347 1047 1388 portum,
1077 1353 1126 1376 ex
1151 1352 1224 1387 quo
1253 1352 1399 1376 eramus

214 1396 363 1444 egressi,
384 1408 520 1444 magna
539 1395 670 1443 jactati
698 1401 919 1442 tempestate
949 1394 1196 1442 confugimuS.
1255 1393 1288 1429 Ο
1310 1394 1399 1430 vitae

213 1449 451 1497 philosophia
489 1448 592 1484 dux!
635 1461 656 1484 o
694 1448 842 1483 virtutis
880 1447 1091 1495 indagatrix
1129 1446 1400 1495 expultrixque

217 1502 414 1538 vitiorum!
446 1502 536 1550 quid
556 1514 630 1537 non
654 1501 764 1537 modo
791 1513 871 1544 nos,
902 1501 966 1536 sed
995 1500 1146 1536 omnino
1175 1500 1252 1536 vita
1278 1499 1400 1536 homi-

213 1567 304 1591 num
340 1555 418 1590 sine
447 1562 482 1590 te
515 1567 594 1590 esse
628 1554 838 1602 potuisset?
898 1554 958 1590 Tu
990 1555 1102 1590 urbes
1135 1553 1323 1601 peperisti,
1358 1559 1400 1589 tu

214 1608 412 1657 dissipatos
431 1608 599 1644 homines
617 1608 656 1643 in
678 1607 891 1643 societatem
912 1607 1000 1642 vitae
1026 1607 1249 1650 convocasti,
1270 1612 1311 1642 tu
1337 1619 1400 1642 eos

213 1662 311 1697 inter
331 1675 369 1697 se
389 1662 507 1710 primo
535 1661 743 1704 domiciliis,
769 1661 902 1696 deinde
931 1660 1125 1709 conjugiis,
1152 1667 1231 1695 tum
1258 1659 1399 1695 littera-

213 1727 296 1751 rum
317 1722 353 1751 et
374 1728 505 1751 vocum
522 1715 782 1751 communione
794 1713 969 1762 junxisti,
991 1721 1031 1749 tu
1050 1713 1240 1749 inventrix
1259 1712 1400 1762 legum,

215 1775 257 1804 tu
285 1769 461 1816 magistra
488 1781 632 1804 morum
657 1773 693 1804 et
712 1767 920 1815 disciplinae
940 1766 1055 1803 fuisti.
1114 1767 1173 1802 Ad
1204 1772 1239 1802 te
1269 1765 1399 1802 confu-

212 1821 350 1869 gimus,
373 1834 394 1857 a
414 1829 448 1857 te
470 1834 577 1869 opem
598 1821 772 1869 petimus,
793 1821 861 1856 tibi
881 1832 959 1864 nOS,
983 1827 1026 1856 ut
1054 1826 1161 1855 antea
1189 1832 1324 1868 magna
1349 1831 1398 1855 ex

212 1881 329 1922 parte,
350 1874 401 1910 sic
427 1887 526 1910 nunc
555 1875 704 1922 penitus
732 1881 905 1922 totosque
933 1874 1125 1910 tradimus.
1184 1873 1255 1908 Est
1273 1878 1398 1908 autem

212 1940 312 1964 unus
332 1928 410 1963 dies
429 1928 523 1963 bene
543 1934 580 1963 et
599 1941 646 1963 ex
671 1929 868 1976 praeceptis
897 1927 971 1962 tuis
1000 1934 1103 1962 actus
1132 1925 1299 1975 peccanti
1327 1925 1398 1961 im-

213 1981 430 2017 mortalitati
460 1981 755 2029 anteponendus.
823 1980 943 2029 Cujus
972 1980 1085 2028 igitur
1114 1980 1236 2027 potius
1265 1978 1399 2026 opibus

213 2041 365 2070 utamur
383 2046 496 2082 quam
517 2033 620 2069 tuis?
652 2040 796 2082 quaeet
818 2033 908 2070 vitae
935 2033 1239 2082 tranquillitatem
1267 2031 1399 2080 largita

178 2093 196 2123 6
215 2088 322 2123 nobis
347 2100 385 2123 es
412 2093 449 2123 et
474 2093 646 2123 terrorem
673 2087 802 2122 mortis
831 2086 1027 2122 sustulisti.
1085 2087 1140 2122 Ac
1165 2084 1400 2133 philosophia

214 2141 364 2188 quidem
395 2147 539 2176 tantum
568 2141 683 2184 abest,
713 2147 756 2176 ut
781 2140 946 2188 proinde,
978 2152 1019 2175 ac
1047 2139 1092 2175 de
1120 2138 1313 2174 hominum
1343 2144 1401 2173 est

214 2194 292 2228 vita
311 2194 454 2237 merita,
475 2194 658 2236 laudetur,
682 2199 722 2228 ut
745 2206 765 2228 a
794 2193 981 2241 plerisque
1007 2192 1186 2240 neglecta,
1217 2203 1238 2226 a
1268 2191 1398 2226 multis

215 2246 325 2282 etiam
348 2248 592 2295 vituperetur.
641 2245 863 2294 Vituperare
883 2246 1079 2294 quisquam
1099 2245 1188 2281 vitae
1207 2251 1399 2292 parentem

215 2305 253 2335 et
271 2299 341 2335 hoc
367 2300 561 2347 parricidio
588 2313 626 2336 se
645 2299 839 2347 inquinare
866 2298 1005 2334 audet?
1043 2306 1080 2334 et
1106 2305 1180 2333 tam
1201 2297 1312 2345 impie
1340 2297 1398 2332 in-

213 2358 340 2402 gratus
361 2366 452 2397 esse,
476 2361 516 2389 ut
536 2366 615 2389 eam
640 2360 799 2394 accuset,
821 2364 932 2399 quam
956 2351 1070 2387 vereri
1096 2351 1258 2392 deberet,
1288 2349 1399 2386 etiam

215 2407 246 2442 si
267 2406 390 2442 minus
413 2407 600 2454 percipere
625 2405 838 2455 potuisset?
887 2405 973 2448 Sed,
993 2410 1036 2440 ut
1055 2404 1199 2453 opinor,
1222 2403 1282 2440 hic
1302 2416 1401 2440 error
