1471 2585
171 97 246 133 116
488 107 693 132 TUSCULAN
723 107 1024 132 DISPUTATIONS.
1163 92 1355 144 [74—77.

170 202 357 239 Mundum
380 208 499 238 totum
520 215 558 238 se
578 202 624 238 ad
643 214 805 239 amorem
831 214 942 238 suum
971 202 1246 238 sublevandum
1267 214 1355 238 con-

170 268 365 292 versurum
385 262 492 304 putat
509 270 517 301 3
550 255 733 292 Venerem
755 268 868 292 unam
889 256 1057 292 excludit
1076 263 1118 291 ut
1135 255 1302 304 iniquam
1319 269 1329 293 ι

528 341 612 371 Nam
629 341 708 381 quid
723 351 782 382 ego
798 344 830 371 te
845 340 1017 381 appellem,
1033 340 1144 371 Venus
1157 341 1168 371 ἲ

171 419 266 456 Eam
285 432 362 467 prae
381 420 535 456 libidine
559 427 670 467 negat
698 432 825 456 curare
854 419 1070 467 quicquam.
1129 418 1248 458 Quasi
1269 432 1357 456 vero

170 474 250 521 ipse
284 485 357 509 non
390 481 540 522 propter
571 473 764 509 libidinem
799 480 903 509 tanta
937 472 1078 520 flagitia
1115 479 1152 508 et
1180 473 1289 509 faeiat
1320 481 1358 509 et

171 526 283 562 dicat.

114 581 155 614 74
225 578 392 615 XXXV.
423 579 486 615 Sic
505 579 618 626 igitur
637 579 768 615 affecto
787 578 869 614 haec
889 578 1098 615 adhibenda
1127 579 1267 616 curatio
1286 585 1354 624 est,

171 638 214 668 ut
233 640 269 668 et
287 632 394 675 illud,
416 633 516 680 quod
536 633 672 681 cupiat,
695 632 866 668 ostendat
885 644 998 680 quarn
1018 631 1113 676 leve,
1134 645 1246 680 quam
1267 645 1356 669 con-

170 686 426 729 temnendum,
458 699 571 734 quam
601 686 706 721 nihili
742 685 790 721 sit
819 686 985 730 omnino,
1019 698 1130 733 quam
1162 686 1266 721 facile
1297 685 1357 722 vel

170 739 320 775 aliunde
340 739 400 774 vel
418 739 490 775 alio
510 739 621 775 modo
641 739 766 787 perfici
795 739 854 774 vel
883 738 1033 775 omnino
1062 739 1200 787 negligi
1222 738 1354 787 possit.

171 792 428 828 Abducendus
448 793 556 828 etiam
578 799 634 828 est
653 804 935 839 nonnumquam
956 792 1001 827 ad
1031 791 1103 827 alia
1126 792 1260 835 studia,
1280 791 1355 828 sol-

169 845 395 889 licitudines‚
416 858 533 890 curas,
552 846 723 894 negotia3
755 845 826 881 loci
846 845 1006 893 denique
1026 845 1242 889 mutatione,
1261 852 1356 882 tam-

170 911 281 946 quam
313 899 441 947 aegroti
473 912 548 935 non
581 899 893 943 convalescentes,
928 911 1027 947 saepe
1065 899 1250 934 curandus
1283 907 1352 936 est.

113 954 152 989 75
172 951 297 988 Etiam
320 965 416 988 novo
444 953 596 1000 quidam
626 965 748 988 amore
778 958 938 987 veterem
968 964 1142 996 amorem,
1165 958 1357 1000 tamquam

171 1005 277 1041 clavo
306 1005 466 1049 clavum,
487 1005 708 1054 ejiciendum
736 1012 883 1053 putant.
940 1005 1110 1041 Maxime
1138 1011 1262 1041 autem
1291 1005 1357 1041 ad-

170 1059 394 1103 monendus,
415 1066 578 1106 quantus
600 1059 647 1094 sit
666 1060 766 1094 furor
784 1058 933 1094 amoris.
983 1058 1170 1094 Omnibus
1187 1059 1287 1094 enim
1307 1071 1357 1094 ex

170 1112 286 1148 animi
315 1113 657 1160 perturbationibus
687 1119 744 1147 est
775 1112 937 1159 profecto
965 1112 1069 1147 nulla
1089 1111 1357 1156 vehementior,

171 1172 225 1208 ut,
244 1165 275 1200 si
297 1165 376 1213 jam
409 1166 489 1214 ipsa
515 1165 579 1201 illa
609 1177 780 1201 accusare
807 1164 915 1209 nolis,
947 1172 1076 1213 stupra
1100 1165 1181 1200 dico
1211 1171 1249 1201 et
1277 1177 1357 1201 cor-

170 1218 335 1266 ruptelas
374 1225 412 1254 et
453 1219 648 1263 adulteria,
685 1218 827 1254 incesta
868 1218 1042 1266 denique,
1082 1230 1239 1265 quorum
1277 1230 1357 1254 om-

170 1272 277 1307 nium
308 1272 526 1308 accusabilis
563 1278 619 1307 est
650 1271 977 1319 turpitudo,—sed
1014 1279 1055 1307 ut
1082 1271 1164 1307 haec
1193 1270 1356 1315 omittas,

172 1325 400 1372 perturbatio
437 1325 519 1373 ipsa
556 1325 690 1361 mentis
727 1325 764 1360 in
808 1337 932 1360 amore
969 1324 1069 1359 foeda
1105 1336 1169 1372 per
1206 1337 1244 1360 se
1283 1331 1353 1362 est.

114 1379 153 1412 76
173 1377 270 1414 Nam
289 1385 332 1414 ut
350 1378 415 1414 illa
435 1386 664 1425 praeteream,
686 1390 771 1425 quae
800 1385 888 1413 sunt
915 1376 1059 1419 furoris,
1080 1377 1162 1413 haec
1185 1378 1268 1426 ipsa
1294 1390 1360 1426 per
1376 1400 1396 1408 =

172 1443 252 1466 sese
280 1443 393 1479 quam
421 1431 559 1467 habent
594 1431 798 1474 levitatem,
833 1443 920 1478 quae
956 1430 1129 1467 videntur
1166 1443 1246 1467 esse
1278 1443 1358 1468 me-

171 1484 330 1520 diocria!

783 1558 925 1599 injuriae,

299 1601 516 1640 Suspiciones,
532 1601 722 1638 inimicitiae,
737 1601 888 1639 indneiae,

300 1644 441 1682 Bellum,
457 1654 520 1684 pax
536 1654 676 1674 rursum.
724 1644 855 1674 Incerta
868 1644 938 1674 haec
954 1644 980 1674 si
997 1647 1031 1674 tu
1044 1643 1187 1684 postules

300 1687 440 1717 Ratione
456 1690 546 1716 certa
561 1688 678 1725 faeere,
693 1687 794 1717 nihilo
808 1687 881 1727 plus
896 1697 984 1728 agas,

301 1730 408 1766 Quam
423 1731 452 1760 si
467 1730 523 1760 des
538 1740 681 1770 operam,
696 1735 732 1760 ut
748 1732 823 1761 esim
838 1730 962 1760 ratione
979 1729 1129 1760 insanias.

173 1801 271 1838 Haec
289 1801 538 1838 inconstantia
558 1801 862 1850 mutabilitasque
884 1802 1029 1845 mentis,
1051 1814 1162 1850 quem
1182 1814 1257 1837 non
1277 1801 1358 1850 ipsa

171 1855 353 1903 pravitate
373 1855 552 1890 deterreat
569 1855 584 1890 ’ἱ
642 1855 712 1890 Est
731 1855 826 1890 enim
846 1849 955 1900 illud,
976 1857 1075 1904 quod
1096 1856 1133 1891 in
1154 1855 1255 1891 omni
1274 1867 1358 1903 per-

172 1907 384 1943 turbatione
422 1908 567 1951 dicitur,
607 1908 949 1952 demonstrandum,
988 1909 1129 1944 nullam
1168 1920 1247 1944 esse
1283 1907 1356 1944 nisi

173 1961 411 2008 opinabilem,
443 1961 514 1996 nisi
546 1961 688 2008 judicio
727 1969 950 2010 susceptam,
983 1962 1055 1998 nisi
1092 1960 1354 1997 voluntariam.

173 2013 327 2050 Etenim
360 2014 390 2049 si
422 2014 601 2049 naturalis
631 2027 734 2050 amor
760 2022 874 2059 esset,
903 2022 940 2051 et
968 2022 1134 2051 amarent
1167 2026 1295 2050 omnes
1321 2020 1359 2049 et

173 2079 318 2115 semper
347 2075 512 2103 amarent
541 2073 578 2102 et
611 2067 708 2102 idem
739 2075 917 2112 amarent,
944 2080 1066 2115 neque
1088 2067 1202 2103 alium
1225 2067 1356 2115 pudor,

173 2120 288 2155 alium
309 2119 497 2168 cogitatio,
518 2119 633 2155 alium
654 2120 803 2156 satietas
821 2122 1032 2158 deterreret.

115 2179 153 2211 77
226 2172 415 2210 XXXVI.
449 2173 509 2209 Ira
528 2185 625 2217 veru,
643 2185 741 2220 quae,
756 2186 866 2222 quam
887 2175 951 2210 diu
967 2173 1157 2222 perturbat
1178 2172 1358 2217 animum,

172 2224 444 2262 dubitationem
464 2226 619 2262 insaniae
639 2238 713 2261 non
733 2226 1007 2276 habet—cujus
1025 2226 1190 2275 impulsu
1210 2225 1358 2262 exsistit

173 2278 284 2314 etiam
303 2279 400 2314 inter
420 2279 547 2315 fratres
568 2279 641 2314 tale
655 2278 823 2328 jurgium
841 2293 849 2317 :

300 2350 382 2386 Quis
398 2351 493 2382 homo
509 2356 540 2382 te
557 2351 765 2391 exsuperavit
780 2362 918 2393 usquam
934 2352 1080 2393 gentium
1094 2351 1316 2392 impudentia?

300 2393 382 2430 Quis
397 2396 507 2425 antem
522 2395 646 2425 malitia
663 2399 694 2425 te
710 2396 720 2426 ἓ
