1471 2585
115 112 308 162 95-99.]
482 121 585 146 BOOK
605 120 642 145 v.
665 120 782 145 cHAP.
806 110 868 153 33,
890 110 953 145 34.
1218 109 1292 147 147

113 217 348 265 voluptatum
372 215 534 264 optabile
561 228 652 258 esse,
682 215 712 250 si
740 227 815 251 non
841 215 951 259 obsit,
978 215 1152 263 prodesse
1180 226 1291 250 num-

114 283 240 319 quam.
297 270 509 316 Totumque
529 269 599 304 hoc
619 269 663 304 de
684 268 876 316 voluptate
897 268 947 303 sic
967 268 1028 303 ille
1050 268 1230 316 praecipit,
1250 275 1291 303 ut
1311 274 1349 304 95

115 324 343 371 voluptatem
363 322 481 370 ipsam
503 335 567 370 per
585 335 636 366 se,
658 321 745 369 quia
763 322 937 369 voluptas
965 321 1022 364 sit,
1053 333 1197 369 semper
1225 333 1291 369 op-

114 377 262 413 tandam
282 376 605 424 expetendamque
620 381 728 423 putet
747 375 952 422 eademque
972 374 1112 410 ratione
1127 374 1292 410 dolorem

114 430 160 466 ob
188 429 227 465 id
259 428 394 477 ipsum,
423 429 509 476 quia
540 428 643 464 dolor
671 427 728 470 sit,
762 440 907 475 semper
938 441 1017 463 esse
1047 427 1289 475 fugiendum3

112 483 236 530 itaque
255 482 324 518 hac
343 495 497 517 usurum
519 480 818 529 compensatione
844 481 1060 529 sapientem,
1090 487 1130 516 ut
1160 488 1197 517 et
1226 493 1291 516 vo—

112 536 293 584 luptatem
312 535 441 582 fugiat,
468 535 498 570 si
528 547 570 570 ea
595 534 772 582 majorem
799 534 962 569 dolorem
983 534 1156 569 effectura
1176 533 1234 577 sit,
1257 540 1294 569 et

102 589 277 625 dolorem
299 588 476 635 suscipiat
494 588 670 636 majorem
691 587 908 623 efficientem
925 587 1154 635 voluptatem
1171 601 1179 631 3
1213 599 1292 622 om-

112 642 248 690 niaque
272 641 452 689 jucunda‚
479 653 707 689 quamquam
737 653 847 676 sensu
878 641 1040 688 corporis
1063 640 1291 687 judicentur,

113 695 158 730 ad
179 696 343 731 animum
363 693 486 730 referri
504 701 649 738 tamen;
682 694 852 741 quocirca
878 706 1010 742 corpus
1036 694 1196 742 gaudere
1217 701 1290 729 tam
1310 700 1350 730 96

113 748 190 792 diu,
220 749 309 784 dum
338 754 559 796 praesentem
589 747 742 783 sentiret
770 747 1028 795 voluptatem3
1065 747 1229 782 animum
1257 754 1293 783 et

112 808 335 849 praesentem
361 801 547 850 percipere
574 800 708 849 pariter
734 813 819 836 cum
845 813 994 848 corpore
1024 806 1059 835 et
1086 800 1293 848 prospicere

112 855 323 890 venientem
349 867 416 890 nec
442 855 665 903 praeteritam
693 853 943 901 praeterfluere
964 853 1108 897 sinere3
1139 853 1191 888 ita
1211 866 1292 901 per-

112 914 245 956 petuas
264 915 300 944 et
319 914 515 944 contextas
534 907 746 955 voluptates
775 907 813 943 in
842 907 1006 955 sapiente
1032 906 1108 942 fore
1136 919 1292 954 semper,

113 973 231 1008 quum
259 961 488 1010 exspectatio
515 968 743 1009 speratarum
770 960 1005 1008 voluptatum
1035 967 1293 1009 perceptarum

112 1015 291 1050 memoria
305 1015 536 1063 jungeretur.

167 1067 358 1104 XXXIV.
389 1070 514 1116 Atque
533 1067 590 1103 his
610 1067 745 1102 similia
764 1067 810 1103 ad
833 1067 972 1103 victum
1000 1066 1110 1102 etiam
1137 1066 1292 1102 transfe-
1313 1070 1351 1103 97

114 1127 259 1164 runtur,
280 1128 578 1168 extenuaturque
607 1120 884 1167 magnificentia
906 1126 942 1155 et
965 1126 1136 1166 sumptus
1165 1119 1294 1167 epula·-

114 1186 209 1218 rum,
238 1175 338 1222 quod
371 1187 485 1222 parvo
515 1174 618 1209 cultu
652 1179 782 1209 natura
815 1178 989 1209 contenta
1022 1172 1081 1207 sit.
1140 1173 1293 1208 Etenim

115 1227 198 1287 quis
217 1227 288 1263 hoc
306 1240 379 1263 non
400 1227 513 1270 videt,
530 1226 720 1262 desideriis
736 1226 861 1262 omnia
874 1226 945 1261 ista
960 1224 1126 1260 condiri?
1156 1225 1295 1261 Darius

115 1279 154 1316 in
181 1280 281 1329 fuga,
311 1293 428 1329 quum
457 1293 592 1328 aquam
622 1279 807 1315 turbidam
836 1285 873 1315 et
901 1278 1142 1314 cadaveribus
1170 1278 1296 1326 inqui-

115 1339 241 1370 natam
269 1334 432 1377 bibisset,
463 1333 613 1381 negavit
640 1345 819 1380 umquam
849 1345 887 1368 se
915 1331 1051 1367 bibisse
1075 1331 1294 1379 jucundius.

116 1386 334 1435 Numquam
350 1387 521 1423 videlicet
539 1386 666 1422 sitiens
686 1386 844 1422 biberat.
885 1385 963 1421 Nec
984 1385 1147 1420 esuriens
1169 1385 1295 1420 Ptole-

116 1452 235 1476 maeus
254 1442 389 1484 ederat,
411 1440 470 1476 cui
488 1452 603 1487 quum
623 1439 832 1487 peragranti
852 1439 1075 1487 AEgyptum,
1098 1438 1294 1474 comitibus

117 1506 191 1529 non
212 1494 429 1537 consecutis,
452 1493 611 1528 cibarius
637 1493 673 1528 in
702 1505 785 1528 casa
812 1492 918 1540 panis
945 1492 1054 1527 datus
1075 1498 1183 1535 esset,
1204 1490 1297 1527 nihil

117 1546 240 1582 visum
266 1554 322 1583 est
346 1547 410 1582 illo
430 1559 524 1595 pane
538 1545 755 1594 jucundius.
814 1547 1003 1581 Socratem
1023 1544 1157 1588 ferunt,
1179 1557 1296 1591 quum

116 1611 235 1647 usque
263 1601 308 1636 ad
334 1612 530 1648 vesperum
556 1599 767 1635 contentius
794 1598 1000 1634 ambularet
1020 1597 1296 1645 quaesitumque

118 1660 215 1689 esset
234 1666 281 1689 ex
303 1666 359 1696 eo,
380 1665 491 1701 quare
507 1653 545 1688 id
564 1653 709 1696 faceret,
731 1651 976 1699 respondisse,
998 1663 1048 1691 se,
1070 1663 1143 1697 quo
1164 1651 1296 1686 melius

119 1713 293 1751 coenaret,
324 1719 502 1755 opsonare
532 1705 759 1741 ambulando
781 1705 930 1740 famem.
989 1703 1121 1742 Quid?
1155 1703 1293 1739 victum
1315 1710 1353 1739 98

118 1759 489 1796 Lacedaemoniorum
526 1759 562 1794 in
601 1758 757 1806 philitiis
793 1770 917 1793 nonne
950 1756 1151 1792 videmus?
1220 1756 1298 1792 Ubi

119 1825 236 1860 quum
270 1820 450 1861 tyrannus
478 1812 702 1848 coenavisset
728 1810 947 1858 Dionysius,
973 1811 1123 1857 negavit
1153 1823 1190 1845 se
1212 1809 1298 1858 jure

119 1866 183 1901 illo
203 1866 321 1914 nigro,
342 1866 441 1913 quod
462 1878 580 1901 coenae
600 1871 712 1912 caput
732 1870 820 1908 erat,
842 1863 1078 1899 delectatum.
1136 1863 1233 1898 Tum
1253 1863 1296 1906 is,

120 1919 185 1966 qui
203 1919 267 1954 illa
286 1929 436 1954 coxerat
453 1932 461 1954 :
493 1918 650 1954 Minime
670 1917 825 1960 mirum;
858 1917 1093 1952 condimenta
1112 1916 1210 1951 enim
1233 1917 1297 1952 de-

119 1972 440 2010 fuerunt.—Quae
459 1972 609 2006 tandem
626 1970 640 2006 ’.Ρ
674 1971 795 2018 inquit
812 1970 1072 2005 ille.·——Labor
1091 1970 1126 2004 in
1149 1976 1297 2012 venatu,

120 2025 242 2069 sudor,
271 2038 399 2061 cursus
428 2025 473 2060 ab
500 2025 653 2067 Eurota,
683 2023 809 2066 fames,
843 2023 946 2066 sitis3
978 2023 1035 2058 his
1064 2023 1161 2057 enim
1188 2023 1298 2057 rebus

121 2078 493 2114 Lacedaemoniorum
523 2077 644 2125 epulae
674 2076 1094 2123 condiuntur.—Atque
1126 2075 1194 2110 hoc
1223 2087 1297 2110 non

121 2144 169 2167 ex
187 2132 381 2167 hominum
403 2143 504 2166 more
524 2130 656 2174 solum,
678 2130 740 2166 sed
769 2130 880 2166 etiam
906 2142 954 2165 ex
983 2128 1110 2164 bestiis
1139 2127 1299 2176 intelligi

121 2191 253 2232 potest,
287 2198 384 2230 quae,
414 2190 456 2220 ut
484 2183 661 2231 quicquid
695 2183 884 2231 objectum
913 2190 979 2223 est,
1009 2181 1107 2229 quod
1137 2182 1247 2217 modo
1278 2194 1299 2217 a

120 2244 251 2274 natura
278 2250 353 2273 non
381 2238 428 2273 sit
456 2237 629 2280 alienum,
651 2248 694 2272 eo
713 2242 899 2272 contentae
920 2247 993 2270 non
1014 2240 1190 2282 quaerunt
1218 2247 1297 2270 am-

120 2291 233 2338 piius.
291 2291 470 2327 Civitates
491 2290 662 2337 quaedam
690 2290 875 2324 universae
904 2300 1004 2323 more
1033 2288 1152 2322 doctae
1181 2287 1297 2335 parsi·
1316 2293 1355 2322 99

121 2344 245 2380 monia
277 2344 518 2387 delectantur,
557 2349 600 2378 ut
636 2343 681 2378 de
717 2341 1012 2378 Lacedaemoniis
1049 2340 1175 2388 paullo
1212 2346 1297 2376 ante

123 2396 300 2434 diximus.
363 2398 560 2433 Persarum
592 2408 613 2432 a
641 2395 891 2443 Xenophonte
927 2393 1048 2430 victus
1084 2393 1296 2441 exponitur,

697 2462 718 2485 o
738 2451 760 2484 2
