1471 2585
82 87 277 140 77—79.]
430 101 534 125 BOOK
557 100 615 125 111.
638 99 754 124 CHAP.
778 89 946 124 31—33.
1214 85 1264 122 89

135 197 211 235 Sed
229 196 452 234 sumendum
482 202 630 244 tempus
656 201 712 231 est
740 207 814 230 non
841 195 966 231 minus
988 192 1024 228 in
1057 191 1264 227 animorum

81 253 220 289 morbis
235 263 345 300 quam
359 250 396 285 in
410 262 619 298 corporum.
668 248 723 285 Ut
739 248 984 284 Prometheus
1002 245 1065 282 ille
1077 244 1264 293 AEschyli,

51 310 54 312 ’
82 307 143 342 cui
161 317 276 354 quum
297 304 437 340 dictum
457 309 576 339 esset:

252 383 367 423 Atqui,
383 382 592 419 Promedreu,
607 386 638 412 te
654 381 715 412 hoc
730 385 843 411 tenere
859 381 1032 420 existumo,

251 426 380 456 Mede‘ri
395 436 488 466 posse
503 426 663 455 rationem
679 424 866 461 iracundiae,

81 500 271 549 respondit
288 513 297 537 ε

252 577 420 616 Siquidem
437 576 492 615 qui
508 576 736 615 tempestivam
753 574 947 604 medicinam
964 574 1139 604 admovens

254 621 328 651 Non
345 620 385 650 ad
402 629 596 660 gravescens
612 619 727 649 volnus
742 618 846 648 illidat
862 628 986 648 manus.

137 681 313 718 XXXII.
345 680 428 717 Erit
454 680 568 729 igitur
594 680 633 716 in
663 679 978 715 consolationibus
1003 678 1121 726 prima
1150 677 1268 713 medi-

83 734 178 776 cina,
209 735 352 778 docere,
387 741 452 770 aut
480 734 631 770 nullum
667 733 809 769 malum
846 745 928 768 esse
965 739 1030 768 aut
1066 732 1269 767 admodum

84 801 265 836 parvum3
297 788 422 831 altera,
444 793 481 823 et
499 788 544 823 de
564 786 753 823 communi
772 786 983 822 conditione
999 785 1089 822 vitae
1119 791 1156 821 et
1184 797 1269 832 pro-

84 841 175 890 prie,
205 842 235 877 si
262 842 354 890 quid
387 842 434 877 sit
460 842 504 877 de
533 841 662 889 ipsius,
693 840 756 888 qui
786 846 950 883 maereat,
971 838 1267 887 disputandum3

85 895 206 939 tertia,
234 908 418 931 summam
447 907 527 930 esse
554 893 753 930 stultitiam
773 893 909 929 frustra
939 893 1069 929 confici
1100 904 1269 936 maerore,

86 961 204 997 quum
233 948 433 997 intelligaS,
467 948 560 984 nihil
590 960 698 996 posse
734 947 875 994 profici.
934 946 1032 982 Nam
1071 945 1272 982 Cleanthes

87 1003 238 1050 quidem
260 1002 463 1050 sapientem
484 1002 708 1044 consolatur,
723 1001 789 1049 qui
808 999 1061 1036 consolatione
1079 1011 1154 1035 non
1174 1004 1270 1047 eget.

88 1055 194 1091 Nihil
222 1055 321 1091 enim
351 1068 430 1090 esse
460 1055 612 1098 malum,
633 1055 734 1103 quod
763 1061 870 1102 turpe
897 1066 971 1089 non
996 1054 1055 1097 sit,
1077 1052 1108 1088 si
1127 1052 1273 1101 lugenti

89 1109 328 1156 persuaseris,
347 1121 422 1144 non
443 1115 483 1143 tu
503 1108 557 1143 illi
574 1109 729 1150 luctum,
747 1108 810 1143 sed
828 1107 1025 1143 stultitiam
1042 1106 1270 1150 detraxeris3

89 1162 253 1198 alienum
285 1168 411 1198 autem
442 1168 589 1209 tempus
623 1160 792 1196 docendi.
850 1161 902 1196 Et
929 1168 1053 1195 tamen
1081 1172 1156 1195 non
1186 1159 1274 1194 satis

89 1215 181 1251 mihi
212 1215 359 1251 videtur
392 1215 528 1250 vidisse
562 1214 631 1250 hoc
662 1214 875 1257 Cleanthes,
905 1213 1042 1260 suscipi
1074 1212 1274 1260 aliquando

90 1269 350 1316 aegritudinem
366 1281 473 1316 posse
489 1280 537 1303 ex
550 1280 593 1303 eo
612 1268 706 1316 ipso,
720 1268 818 1315 quod
835 1279 916 1302 esse
929 1279 1118 1302 summum
1132 1265 1275 1301 malum

91 1321 291 1358 Cleanthes
310 1322 390 1370 ipse
408 1322 577 1357 fateatur.

145 1375 246 1414 Quid
267 1375 367 1411 enim
386 1375 562 1418 dicemus,
583 1387 698 1423 quum
719 1374 889 1409 Socrates
908 1372 1095 1409 Alcibiadi
1122 1384 1274 1421 persua·

92 1428 212 1473 sisset,
241 1436 284 1464 ut
312 1429 534 1476 accepimus,
555 1440 639 1464 eum
670 1427 761 1463 nihil
790 1426 950 1463 hominis
979 1439 1058 1462 esse
1076 1439 1144 1462 nec
1168 1425 1274 1474 quic-

93 1495 204 1530 quam
227 1482 325 1518 inter
343 1482 578 1518 Alcibiadem
607 1494 752 1517 summo
771 1480 852 1516 loco
882 1486 1012 1516 natum
1040 1486 1077 1516 et
1104 1479 1276 1527 quemvis

91 1535 260 1584 bajulum
289 1535 478 1578 interesse,
500 1548 617 1582 quum
648 1548 685 1570 se
705 1533 918 1570 Alcibiades
946 1534 1140 1570 afflictaret
1167 1532 1275 1568 lacri-

92 1601 273 1637 mansque
294 1589 437 1624 Socrati
457 1589 619 1636 supplex
640 1594 749 1630 esset,
769 1596 812 1623 ut
831 1587 901 1623 sibi
921 1587 1096 1623 virtutem
1117 1586 1277 1622 traderet

93 1642 438 1690 turpitudinemque
467 1642 689 1689 depelleret3
723 1641 812 1689 quid
847 1641 1024 1684 dicemus,
1064 1638 1275 1676 Cleanthe?

94 1708 186 1731 num
214 1696 251 1731 in
281 1696 345 1731 illa
372 1709 422 1738 re,
442 1708 529 1743 quae
563 1694 786 1744 aegritudine
815 1693 1049 1730 Alcibiadem
1081 1693 1277 1737 afficiebat,

94 1749 186 1784 mali
203 1749 296 1785 nihil
315 1749 455 1784 fuisse?

151 1802 281 1840 Quid?
311 1802 376 1838 illa
411 1801 575 1850 Lyconis
607 1801 732 1849 qualia
763 1799 880 1835 sunt?
916 1800 980 1848 qui
1017 1799 1277 1847 aegritudinem

97 1862 306 1891 extenuans
325 1856 448 1903 parvis
467 1855 518 1891 ait
535 1867 615 1890 eam
641 1855 752 1890 rebus
771 1853 924 1896 moveri,
945 1853 1105 1889 fortunae
1134 1860 1171 1889 et
1198 1865 1278 1889 cor·-

97 1908 197 1956 poris
217 1909 474 1951 incommodis,
494 1921 569 1943 non
589 1907 701 1943 animi
726 1907 844 1943 malis.
903 1906 1007 1946 Quid
1026 1907 1141 1955 ergo?
1172 1906 1277 1949 illud,

97 1962 197 2009 quod
226 1961 438 1997 Alcibiades
467 1962 627 2003 dolebat,
648 1973 723 1996 non
752 1973 800 1996 ex
830 1960 943 1996 animi
971 1960 1078 1996 malis
1105 1960 1280 2008 vitiisque

97 2015 320 2051 constabat?
376 2014 438 2051 Ad
472 2014 627 2062 Epicuri
659 2013 950 2050 consolationem
981 2014 1069 2049 satis
1103 2020 1160 2049 est
1194 2020 1280 2048 ante

96 2069 252 2104 dictum.

151 2121 351 2158 XXXIII.
382 2120 440 2157 Ne
468 2121 533 2157 illa
559 2121 709 2169 quidem
737 2120 948 2156 firmissima
976 2119 1180 2156 consolatio
1211 2124 1277 2163 est,

98 2187 323 2224 quamquam
344 2181 382 2211 et
400 2175 535 2210 usitata
554 2181 610 2210 est
637 2181 674 2210 et
701 2187 800 2222 saepe
820 2174 991 2222 prodest:
1021 2185 1090 2208 non
1120 2172 1186 2208 tibi
1214 2173 1280 2208 hoc

98 2228 180 2264 soli.
239 2229 396 2264 Prodest
413 2228 493 2264 haec
513 2228 676 2275 quidem,
695 2235 739 2263 ut
758 2228 850 2269 dixi,
871 2227 935 2262 sed
955 2239 1023 2271 nec
1043 2238 1186 2274 semper
1210 2238 1280 2262 nec

100 2282 287 2318 omnibus.
346 2282 443 2317 Sunt
475 2283 586 2324 enim,
620 2281 685 2328 qui
719 2288 917 2328 respuant;
950 2280 1014 2315 sed
1049 2278 1169 2323 refert,
1205 2292 1280 2326 quo

101 2335 211 2370 modo
230 2335 459 2371 adhibeatur.
519 2334 573 2370 Ut
592 2334 691 2369 enim
710 2334 837 2370 tulerit
865 2333 1024 2381 quisque
1052 2345 1194 2376 eorum,
1215 2332 1281 2380 qui

102 2388 286 2436 sapienter
306 2388 484 2431 tulerunt,
503 2400 577 2424 non
598 2400 671 2436 quo
691 2387 851 2434 quisque
873 2386 1107 2422 incommodo
1127 2386 1280 2422 affectus

663 2453 675 2476 1
698 2445 719 2477 3
