1471 2585
139 189 176 217 51

141 1364 180 1392 53

145 2164 185 2193 54-

196 79 246 113 58
513 87 718 113 'ruscumm
749 87 1046 113 DISPUTATIONS.
1188 73 1378 126 [51—54.

250 183 386 220 XXII.
418 182 465 218 In
502 196 576 230 quo
610 195 695 218 vero
727 182 796 218 erit
832 182 992 231 perfecta
1028 183 1209 231 sapientia
1245 181 1378 232 (quem

196 237 317 273 adhuc
346 249 413 272 nos
433 237 583 284 quidem
610 237 771 272 vidimus
798 237 1012 280 neminem;
1044 237 1107 272 sed
1136 237 1379 285 philosopho-

194 302 276 326 rum
299 290 502 331 sententiis,
524 290 644 337 quaIis
663 289 722 325 hic
740 289 890 326 futurus
910 290 969 333 sit,
992 290 1021 326 si
1047 290 1158 326 modo
1177 291 1379 338 aliquando

195 344 320 386 fuerit,
341 341 649 391 exponitur>—is
681 343 804 391 igitur,
827 343 904 379 sive
937 356 980 379 ea
1009 344 1114 387 ratio,
1136 356 1224 392 quae
1253 345 1321 380 erit
1339 344 1380 380 in

196 409 240 432 eo
254 397 413 444 perfecta
425 403 538 444 atque
556 397 737 438 absoluta,
751 396 803 432 sic
816 396 869 432 illi
886 396 980 444 parti
995 396 1190 444 imperabit
1203 397 1379 440 inferiori,

196 457 240 486 ut
253 451 379 497 justus
401 463 531 498 parens
551 450 676 498 probis
697 450 805 492 filiis;
829 457 936 493 nutu,
952 450 1051 498 quod
1064 451 1177 494 volet,
1195 451 1378 495 conficiet,

196 503 301 539 nullo
329 503 466 546 labore,
497 504 599 539 nulla
627 503 818 547 molestia;
850 503 965 551 eriget
991 504 1069 550 ipse
1101 516 1151 547 se,
1173 504 1379 547 suscitabit,

195 556 367 600 instruet,
388 557 556 601 armabit,
577 564 632 601 ut,
655 563 845 604 tamquam
865 556 974 600 hosti,
996 556 1048 592 sic
1065 557 1221 593 obsistat
1246 557 1377 593 dolori.

198 610 298 648 Quae
318 617 406 646 sunt
423 610 495 646 ista
513 623 613 646 arma
629 610 642 646 ἲ
702 610 915 653 Contentio,
933 610 1163 646 confirmatio
1184 623 1379 658 sermoque

196 663 364 707 intimus,
386 676 503 711 quum
522 664 599 710 ipse
620 675 744 699 secum
762 677 770 700 ι
802 664 902 700 Cave
923 670 1029 711 turpe
1056 664 1269 712 quicquam,
1297 664 1378 700 lan-

195 717 364 765 guidum,
385 730 460 752 non
483 717 599 752 virile.

252 771 506 806 Obversemur
526 770 665 818 species
694 771 861 806 honestae
883 771 986 807 viro:
1018 770 1120 806 Zeno
1149 776 1378 819 proponatur

198 823 358 867 Eleates,
381 825 444 871 qui
465 836 661 872 perpessus
689 831 746 860 est
771 823 895 859 omnia
924 824 1058 871 potius,
1079 836 1192 871 quam
1213 824 1380 861 conscios

195 876 366 913 delendae
387 878 593 925 tyrannidis
613 877 790 913 indicaret
808 892 817 922 ς
839 877 883 912 de
904 877 1129 913 Anaxarcho
1150 877 1379 914 Democritio

196 931 389 978 cogitetur,
411 931 475 979 qui
494 943 612 978 quum
635 931 750 979 Cypri
774 931 812 966 in
843 943 975 966 manus
1003 931 1255 966 Nicocreontis
1282 930 1379 979 regis

196 983 398 1028 incidisset,
420 984 563 1019 nullum
586 997 703 1032 genus
731 984 905 1032 supplicii
935 985 1153 1032 deprecatus
1173 991 1230 1020 est
1257 996 1379 1033 neque

195 1038 393 1073 recusavit.
453 1037 616 1073 Calanus
656 1037 785 1080 Indus,
824 1037 998 1073 indoctus
1034 1050 1076 1073 ac
1113 1038 1304 1081 barbarus,
1341 1038 1381 1074 in

195 1091 381 1126 radicibus
403 1091 558 1127 Caucasi
577 1099 699 1134 natus,
721 1104 787 1127 sua
808 1091 999 1126 voluntate
1027 1092 1136 1126 vivus
1164 1091 1381 1127 combustus

196 1151 265 1180 est.
324 1144 414 1187 Nos,
432 1145 462 1180 si
483 1157 548 1192 pes
567 1144 770 1188 condoluit,
788 1144 819 1180 si
838 1145 941 1187 dem,
956 1145 1019 1180 sed
1039 1144 1094 1180 fac
1114 1151 1235 1180 totum
1255 1144 1380 1180 dolere

197 1209 342 1245 corpus,
364 1198 455 1233 ferre
475 1210 549 1233 non
572 1210 782 1245 possumus.
841 1197 980 1245 Opinio
1001 1204 1057 1233 est
1085 1197 1183 1233 enim
1204 1198 1380 1246 quaedam

197 1250 410 1287 effeminata
428 1264 470 1287 ac
489 1251 594 1294 levis,
614 1264 681 1287 nec
702 1251 737 1287 in
760 1251 886 1286 dolore
906 1251 1035 1298 magis,
1057 1263 1168 1298 quam
1194 1251 1322 1286 eadem
1341 1251 1380 1288 in

197 1304 402 1352 voluptate,
433 1317 507 1352 qua
539 1317 655 1352 quum
685 1304 929 1352 liquescimus
958 1304 1187 1351 fluimusque
1208 1304 1378 1348 mollitia,

197 1358 276 1405 apis
297 1358 466 1393 aculeum
487 1359 564 1393 sine
584 1358 742 1393 clamore
761 1357 852 1393 ferre
874 1369 944 1393 non
967 1369 1177 1405 possumuS.
1226 1358 1279 1393 At
1293 1370 1399 1405 verox

199 1410 243 1447 C,
268 1411 421 1454 Marius,
443 1411 652 1446 rusticanus
673 1410 738 1454 vir,
755 1411 819 1446 sed
840 1410 949 1458 plane
969 1410 1036 1453 vir,
1050 1423 1166 1458 quum
1184 1418 1379 1455 secaretur,

198 1469 240 1499 ut
258 1476 370 1511 supra
389 1464 481 1507 dixi,
503 1464 682 1512 principio
703 1464 823 1499 vetuit
843 1477 880 1499 se
900 1463 1062 1512 alligari3
1095 1476 1162 1500 nec
1181 1464 1381 1512 quisquam

197 1524 282 1553 ante
302 1517 465 1553 Marium
481 1517 625 1554 solutus
638 1517 772 1553 dicitur
787 1530 866 1552 esse
881 1524 1016 1552 sectus.
1058 1517 1135 1553 Cur
1150 1530 1236 1565 ergo
1254 1525 1383 1565 postea

197 1570 291 1606 alii?
339 1570 469 1607 Valuit
489 1571 701 1607 auctoritas.
749 1570 915 1606 Videsne
936 1571 1060 1618 igitur,
1081 1570 1267 1618 opinionis
1286 1583 1378 1615 esse,

196 1635 272 1660 non
293 1630 437 1660 naturae
458 1624 628 1660 malum?
687 1624 737 1659 Et
767 1631 888 1659 tamen
920 1624 1034 1660 fuisse
1066 1636 1184 1659 acrem
1214 1636 1380 1660 morsum

198 1677 347 1720 doloris,
368 1678 466 1714 idem
489 1678 631 1714 Marius
651 1677 839 1721 ostendit;
870 1689 954 1713 crus
987 1677 1082 1712 enim
1117 1678 1274 1713 aiterum
1302 1690 1379 1713 non

197 1731 372 1778 praebuit.
433 1731 491 1767 Ita
510 1738 547 1767 et
566 1731 654 1767 tulit
673 1730 835 1766 dolorem
854 1737 895 1766 ut
916 1730 982 1773 vir,
1003 1737 1040 1766 et
1058 1737 1102 1766 ut
1129 1729 1240 1766 homo
1261 1731 1379 1779 majo-

198 1795 274 1819 rem
295 1784 386 1819 ferre
406 1785 484 1820 sine
504 1797 635 1820 caussa
654 1784 859 1820 necessaria
877 1784 1009 1820 noluit.
1058 1784 1196 1820 Totum
1215 1784 1327 1832 igitur
1341 1783 1380 1820 in

198 1848 242 1871 eo
261 1844 328 1880 est,
349 1845 391 1873 ut
412 1839 476 1873 tibi
494 1838 664 1885 imperes.

254 1890 412 1926 Ostendi
442 1898 579 1934 autem,
607 1891 708 1938 quod
737 1897 835 1927 esset
865 1891 1070 1938 imperandi
1098 1902 1238 1938 genus;
1270 1897 1381 1938 atque

199 1942 280 1978 haec
301 1944 486 1992 cogitatio,
505 1944 595 1991 quid
616 1945 805 1992 patientia,
826 1944 917 1992 quid
932 1944 1160 1986 fortitudine,
1175 1943 1265 1991 quid
1278 1955 1381 1992 mag-

199 1996 369 2032 nitudine
388 1998 500 2032 animi
517 1997 775 2047 dignissimum
794 1997 852 2041 sit,
868 2010 940 2033 non
960 1997 1079 2033 solum
1099 1997 1265 2033 animum
1281 2009 1382 2032 com-

201 2050 338 2096 primit,
374 2051 438 2086 sed
474 2050 596 2098 ipsum
632 2051 743 2086 etiam
781 2051 958 2095 dolorem,
992 2051 1115 2087 nescio
1152 2061 1227 2097 quo
1260 2056 1381 2097 pacto,

201 2103 383 2138 mitiorem
406 2104 501 2139 facit.

256 2156 412 2192 XXIII.
448 2157 501 2193 Ut
519 2157 617 2192 enim
647 2157 690 2192 fit
720 2157 757 2193 in
788 2157 932 2205 proelio,
955 2164 995 2193 ut
1023 2157 1181 2204 ignavus
1206 2156 1313 2192 miles
1341 2168 1382 2192 ac

202 2208 368 2251 timidus,
389 2210 499 2246 simul
533 2223 574 2246 ac
603 2210 737 2245 viderit
768 2210 927 2253 hostem,
949 2210 1092 2258 abjecto
1125 2217 1229 2245 scuto
1251 2209 1381 2257 fugiat,

202 2270 385 2309 quantum
420 2264 548 2310 possit,
580 2264 627 2299 ob
656 2276 812 2311 eamque
841 2276 1007 2300 caussam
1037 2270 1173 2310 pereat,
1196 2274 1382 2298 nonnum-

201 2327 313 2362 quam
331 2316 440 2351 etiam
462 2317 605 2364 integro
631 2329 793 2364 corpore,
816 2330 934 2365 quum
955 2317 999 2360 ei,
1019 2316 1084 2363 qui
1114 2315 1268 2358 steterit,
1287 2315 1381 2351 nihil

201 2368 272 2404 tale
293 2369 481 2406 evenerit:
503 2371 565 2413 sic,
587 2370 651 2418 qui
671 2369 807 2406 doloris
829 2371 988 2419 speciem
1009 2369 1100 2405 ferre
1120 2381 1192 2405 non
1209 2375 1379 2417 possunt,
