1471 2585
199 115 248 150 32
518 124 722 149 TUSCULAN
751 124 1049 150 Disru'rA'noNs.
1191 110 1379 162 [94—96.

198 231 364 268 querare,
386 219 415 255 si
436 219 581 268 repetit,
602 231 720 268 quum
741 219 853 256 vult?
883 232 926 256 ea
953 219 1052 255 enim
1081 220 1292 257 conditione
1318 232 1380 257 ac—

199 286 360 322 ceperas.
420 273 552 316 Iidem,
580 273 610 308 si
644 285 736 321 puer
769 285 906 321 parvus
938 273 1084 317 occidit,
1115 286 1225 322 aequo
1256 273 1381 310 animo

197 325 392 362 ferendum
405 333 551 374 putant,
569 326 600 362 si
616 339 700 362 vero
715 326 754 362 in
769 326 887 371 cunis,
902 339 948 362 ne
964 327 1196 375 querendum
1215 327 1379 375 quidem.

198 380 319 427 Atqui
350 381 396 415 ab
425 380 494 415 hoc
531 379 699 415 acerbius
735 380 863 428 exegit
898 386 1043 424 natura,
1078 382 1179 428 quod
1216 381 1379 418 dederat.

199 432 379 469 Nondum
398 439 624 481 gustaverat,
644 433 779 480 inquit,
801 433 890 469 vitae
910 433 1156 478 suavitatem3
1178 433 1238 469 hic
1256 440 1380 470 autem

193 485 272 535 Jam
293 487 464 534 sperabat
481 498 627 534 magna,
648 487 785 535 quibus
805 486 876 522 frui
897 493 1071 535 coeperat.
1115 487 1216 523 Atid
1230 487 1380 535 quidem

197 541 322 588 ipsum
340 539 378 575 in
400 539 528 576 ceteris
549 540 656 575 rebus
684 540 817 576 melius
846 546 1009 588 putatur,
1030 540 1192 588 aliquam
1225 547 1379 588 partem,

198 605 309 641 quam
331 593 485 636 nullam,
506 593 710 641 attingere3
733 606 798 629 cur
812 593 849 628 in
867 594 942 629 vita
959 593 1094 629 secus?
1139 594 1378 641 Quamquam

197 658 272 682 non
293 646 389 682 male
408 646 460 682 ait
480 646 743 690 Callimachus,
759 647 866 682 multo
886 648 1025 695 soepius
1045 646 1254 683 lacrimasse
1267 646 1379 683 Pria-

198 712 289 735 mum
317 712 421 748 quam
447 698 622 736 Troilum.
680 700 822 735 Eorum
854 707 989 743 autem,
1013 700 1076 748 qui
1109 707 1243 736 exacta
1268 707 1380 737 aetate

141 759 181 788 94
198 754 420 796 moriuntur,
443 753 592 789 fortuna
610 752 796 789 laudatur.
855 753 957 789 Cur?
990 753 1098 797 Nam,
1128 766 1220 797 reor,
1250 754 1378 798 nullis,

199 806 230 842 si
260 806 336 842 vita
363 806 510 854 longior
539 807 698 849 daretur,
731 812 859 854 posset
894 819 974 842 esse
1003 806 1216 855 jucundior.
1275 806 1380 843 Nihil

198 859 295 895 enim
327 867 383 895 est
413 860 576 907 profecto
608 859 751 895 homini
781 859 978 907 prudentia
1009 860 1168 904 dulcius,
1191 872 1316 908 quam,
1337 867 1381 897 ut

197 919 316 949 cetera
335 913 489 957 auferat,
510 913 614 949 affert
633 920 729 949 certe
749 919 933 949 senectus.
1392 921 1394 923 ’

251 966 349 1005 Quae
384 979 469 1003 vero
503 974 594 1002 aetas
622 966 733 1015 longa
759 966 846 1002 est?
876 973 941 1002 aut
959 966 1049 1015 quid
1069 967 1220 1003 omnino
1240 967 1380 1004 homini

195 1018 380 1068 longum?
409 1032 534 1056 nonne

238 1111 339 1143 Modo
354 1122 483 1153 pueros,
498 1112 593 1142 modo
609 1111 839 1151 adolescentes,
856 1113 890 1142 iu
905 1121 1003 1142 cursu
1017 1122 1037 1142 a
1052 1115 1143 1153 tergo
1159 1113 1346 1153 insequens,

238 1155 478 1196 Necopinantes
493 1158 641 1185 assecuta
656 1161 705 1186 est

195 1234 395 1270 senectus?
427 1234 492 1270 sed
524 1234 612 1281 quia
644 1234 741 1270 ultra
772 1233 863 1270 nihil
898 1234 1090 1277 habemus,
1121 1233 1191 1270 hoc
1223 1234 1378 1283 longum

195 1287 365 1323 dicimus.
425 1288 560 1323 Omnia
581 1288 651 1324 ista
669 1287 820 1335 perinde
847 1293 891 1322 ut
916 1287 1051 1334 cuique
1079 1288 1165 1323 data
1197 1297 1285 1324 sunt
1313 1301 1378 1337 pro

194 1347 273 1376 rata
302 1347 417 1388 parte,
448 1340 501 1376 ita
532 1348 596 1375 aut
625 1341 737 1388 longa
769 1346 835 1376 aut
862 1340 988 1376 brevia
1020 1340 1206 1377 dicuntur.
1263 1342 1379 1390 Apud

196 1393 392 1442 Hypanim
411 1393 581 1437 fluvium,
602 1393 667 1442 qui
688 1394 734 1429 ab
754 1393 918 1441 Europae
948 1399 1050 1441 parte
1078 1394 1115 1428 in
1136 1393 1301 1431 Pontum
1321 1395 1389 1431 in·

193 1446 290 1490 fluit,
311 1447 530 1483 Aristoteles
550 1446 612 1489 ait,
633 1446 808 1482 bestiolas
827 1446 1006 1495 quasdam
1026 1446 1139 1489 nasci,
1160 1459 1246 1494 quae
1260 1461 1378 1485 unum

194 1500 291 1536 diem
313 1500 452 1536 vivant.
513 1500 574 1535 Ex
590 1499 648 1535 his
667 1500 779 1548 igitur
797 1500 887 1535 hora
906 1507 1037 1535 octava
1049 1512 1133 1547 quae
1149 1508 1295 1537 mortua
1308 1510 1376 1546 est,

194 1561 369 1601 provecta
401 1559 511 1589 aetate
543 1561 690 1589 mortua
721 1560 799 1597 est;
832 1565 917 1601 quae
952 1566 1036 1589 vero
1065 1554 1256 1590 occidente
1287 1555 1375 1600 sole,

195 1607 405 1655 decrepita3
437 1619 480 1642 eo
509 1607 639 1655 magiS,
672 1606 702 1641 si
739 1606 850 1642 etiam
887 1606 1074 1642 solstitiali
1111 1607 1182 1642 (lie.
1241 1608 1378 1644 Confer

195 1667 359 1696 nostram
379 1660 632 1707 longissimam
653 1665 801 1696 aetatem
823 1672 907 1695 cum
929 1659 1135 1696 aeternitate
1154 1674 1162 1696 :
1183 1661 1219 1696 in
1246 1661 1376 1698 eadem

194 1713 463 1761 propemodum
485 1713 675 1757 brevitate,
697 1725 771 1760 qua
788 1713 864 1749 illae
884 1712 1065 1756 bestiolae,
1086 1714 1320 1761 reperiemur.

138 1773 176 1802 95
248 1766 333 1803 XL.
364 1767 658 1802 Contemnamus
676 1766 791 1815 igitur
809 1778 938 1802 omnes
955 1766 1114 1814 ineptias
1137 1765 1257 1814 (quod
1275 1768 1375 1804 enim

194 1819 314 1855 levius
343 1820 430 1856 huic
463 1820 606 1856 levitati
639 1832 775 1855 nomen
807 1819 995 1868 imponam
1011 1818 1046 1866 ἲ)
1076 1827 1268 1868 totamque
1301 1821 1372 1857 vim

193 1873 288 1909 bene
308 1873 460 1909 vivendi
478 1873 515 1908 in
535 1873 649 1908 animi
667 1873 796 1909 robore
815 1885 857 1908 ac
877 1872 1132 1920 magnitudine
1161 1881 1198 1909 et
1225 1874 1263 1909 in
1291 1887 1372 1910 om-

193 1926 298 1962 nium
319 1938 439 1961 rerum
458 1926 704 1962 humanarum
724 1925 999 1974 contemptione
1019 1938 1060 1962 ac
1080 1927 1321 1974 despicientia
1337 1935 1374 1964 et

192 1979 232 2015 in
252 1979 353 2015 omni
383 1979 517 2015 virtute
545 1992 739 2027 ponamus,
797 1979 893 2015 Nam
919 1991 1019 2014 nunc
1052 1979 1200 2027 quidem
1233 1981 1372 2029 cogita-

194 2032 359 2068 tionibus
388 2032 616 2068 mollissimis
649 2033 916 2076 effeminamur,
937 2038 992 2075 ut,
1013 2032 1043 2068 si
1070 2043 1154 2068 ante
1180 2046 1278 2069 mors
1306 2034 1372 2070 ad-

193 2092 331 2129 ventet,
367 2098 480 2134 quam
512 2085 772 2122 Chaldaeorum
801 2085 982 2134 promissa
1009 2086 1198 2122 consecuti
1229 2099 1370 2131 sumus,

194 2139 342 2186 spoliati
361 2138 504 2186 magnis
524 2139 748 2186 quibusdam
773 2140 893 2183 bonis,
914 2138 1014 2174 illusi
1042 2138 1287 2187 destitutique
1315 2140 1371 2176 vi-

136 2200 174 2229 96
193 2191 357 2227 deamur.
416 2192 562 2231 Quodsi
580 2192 831 2240 exspectando
851 2200 888 2228 et
907 2191 1146 2228 desiderando
1167 2193 1371 2240 pendemus

192 2244 338 2288 animis,
360 2245 579 2288 cruciamur,
599 2245 791 2293 angimur:
823 2258 888 2293 pro
908 2244 958 2280 dii
977 2244 1227 2282 immortales!
1258 2258 1369 2293 quam

192 2297 262 2333 iter
273 2298 366 2333 illud
377 2298 587 2346 jucundum
601 2311 680 2334 esse
693 2298 815 2342 debet,
828 2311 902 2347 quo
921 2298 1088 2335 confecto
1109 2298 1214 2334 nulla
1229 2299 1371 2348 reliqua

192 2363 292 2394 cura,
312 2351 418 2387 nulla
437 2351 646 2388 sollicitudo
666 2351 791 2387 sutura
811 2351 880 2387 sit!

246 2404 371 2443 Quam
401 2417 460 2441 me
493 2404 652 2442 delectat
681 2403 950 2442 Theramenes!
980 2418 1091 2454 quam
1122 2405 1218 2442 elato
1247 2406 1370 2442 animo
