1471 2585
178 73 252 109 112
500 83 703 108 TUSCULAN
735 83 1035 109 DisvaArious.
1166 68 1357 120 [62—64.

177 177 226 214 sit
244 177 377 214 vitiosa
394 178 476 226 ipsa
501 177 714 215 commotio.
773 178 1017 215 Constantem
1045 178 1143 214 enim
1173 178 1360 226 quendam

176 231 363 276 volumus,
384 232 567 274 sedatum,
595 244 758 279 gravem,
786 232 952 268 humana
979 232 1103 268 omnia
1131 240 1361 280 prementem

176 284 281 320 illum
303 297 395 328 esse,
417 297 528 332 quem
549 285 827 333 magnanimum
847 292 884 321 et
900 285 1030 321 fortem
1050 285 1173 322 virum
1187 285 1359 322 dicimus.

179 337 280 374 Talis
313 346 438 374 autem
469 351 537 373 nec
569 351 728 374 maerens
760 351 829 374 nec
860 338 993 374 timens
1018 351 1086 375 nec
1113 339 1266 386 cupiens
1291 351 1362 375 nec

177 391 338 439 gestiens
359 404 438 427 esse
458 391 658 439 quisquam
678 398 814 440 potest.
871 391 1011 427 Eorum
1032 392 1131 428 enim
1158 392 1238 428 haec
1258 399 1359 438 sunt,

178 444 244 492 qui
264 452 420 480 eventus
439 444 624 481 humanos
643 445 849 494 superiores
870 457 982 493 quam
1009 458 1096 481 suos
1116 445 1260 482 animos
1279 459 1360 482 esse

177 498 318 534 dicunt.
1003 520 1007 527 ·

120 561 160 590 62
231 551 384 588 XXIX.
416 551 540 590 Quare
564 551 731 588 omnium
759 551 1078 600 philosophorum,
1098 558 1142 587 ut
1160 558 1245 588 ante
1265 552 1358 597 dixi,

177 617 252 641 una
281 605 372 640 ratio
402 612 458 641 est
487 605 671 648 medendi,
692 611 736 640 ut
768 605 872 648 nihil,
903 604 1013 653 quale
1041 605 1090 640 sit
1121 605 1226 649 illud,
1257 607 1360 654 quod

175 659 367 706 perturbet
403 658 582 702 animum,
622 658 685 694 sed
723 658 768 694 de
804 658 886 706 ipsa
916 658 963 694 sit
995 658 1271 706 perturbatione
1302 660 1359 696 di-

176 712 348 747 cendum.
407 711 541 759 Itaque
570 711 730 759 primum
759 712 796 747 in
825 711 906 759 ipsa
933 711 1148 759 cupiditate,
1176 724 1294 760 quum
1321 713 1361 749 id

176 764 296 800 solum
317 765 450 813 agitur,
471 772 512 800 ut
533 777 575 800 ea
595 765 759 808 tollatur,
775 777 851 801 non
870 772 927 801 est
946 766 1203 813 quaerendum,
1217 765 1359 802 bonum

175 817 271 854 illud
299 830 415 854 necne
445 818 503 861 sit,
526 819 627 866 quod
654 818 849 854 libidinem
880 825 1039 861 moveat,
1062 819 1125 854 sed
1146 818 1260 854 libido
1279 819 1362 868 ipsa

175 871 339 907 tollenda
358 879 426 914 est,
448 878 501 914 ut,
523 871 613 915 sive,
634 873 734 919 quod
751 872 950 907 honestum
967 879 1034 915 est,
1049 872 1085 907 id
1103 871 1149 907 sit
1168 884 1360 909 summum

175 924 328 967 bonum,
345 925 422 960 sive
437 924 623 972 voluptas,
641 925 717 960 sive
737 925 869 961 horum
884 932 1087 973 utrumque
1103 925 1184 973 conj
1192 933 1358 970 unctum,

175 977 253 1013 sive
282 978 350 1014 tria
378 978 444 1014 illa
470 991 605 1025 genera
633 979 828 1023 bonorum,
851 986 989 1022 tamen,
1009 979 1121 1014 etiam
1151 979 1181 1014 si
1210 979 1361 1015 virtutis

174 1031 291 1078 ipsius
322 1031 574 1067 vehementior
601 1032 789 1079 appetitus
819 1032 877 1074 sit,
898 1032 1026 1068 eadem
1047 1032 1094 1067 sit
1119 1032 1294 1068 omnibus
1313 1033 1361 1069 ad

174 1085 434 1121 deterrendum
454 1084 664 1120 adhibenda
683 1086 812 1121 oratio.
870 1085 1049 1121 Continet
1067 1092 1194 1121 autem
1210 1098 1360 1122 omnem

174 1138 402 1174 sedationem
432 1137 547 1174 animi
576 1138 742 1175 humana
769 1138 808 1174 in
837 1146 1041 1187 conspectu
1071 1139 1191 1186 posita
1212 1145 1359 1183 natura,

173 1203 260 1238 quae
280 1204 354 1240 quo
373 1191 518 1227 facilius
537 1204 714 1239 expressa
741 1199 924 1234 cernatur,
944 1192 1167 1240 explicanda
1193 1200 1250 1228 est
1277 1205 1359 1229 ora-

116 1256 155 1286 63
173 1244 275 1281 tione
295 1244 503 1281 communis
523 1244 690 1281 condicio
710 1245 849 1293 lexque
870 1246 972 1282 vitae.
1029 1245 1163 1293 Itaque
1187 1257 1262 1281 non
1280 1246 1360 1282 sine

173 1310 316 1342 caussa,
333 1311 449 1346 quum
464 1298 635 1334 Orestem
650 1298 812 1334 fabulam
833 1299 980 1334 doceret
994 1298 1205 1347 Euripides,
1220 1298 1360 1347 primos

173 1351 238 1388 tris
258 1364 388 1388 versus
407 1364 598 1387 revocasse
619 1351 752 1387 dicitur
772 1351 941 1388 Socrates
959 1366 967 1389 z

344 1418 459 1458 Neque
475 1420 542 1449 tdm
558 1419 713 1449 terribilis
729 1419 795 1449 ulla
809 1418 906 1449 fando
922 1419 1025 1450 oratio
1039 1422 1089 1449 est

345 1461 414 1492 Nec
429 1464 501 1492 sors
516 1472 575 1492 nec
589 1462 640 1492 ira
655 1462 806 1492 coe'litum
821 1463 986 1492 invectum
1003 1463 1136 1502 malum,

345 1504 440 1540 Quod
454 1507 518 1535 non
533 1508 653 1535 natura
668 1505 810 1535 humana
824 1505 976 1546 patiendo
993 1506 1116 1537 efferat.

174 1570 246 1606 Est
265 1577 388 1607 autem
417 1571 520 1607 utilis
549 1571 596 1607 ad
624 1572 935 1620 persuadendum,
956 1585 1010 1616 ea,
1030 1586 1116 1621 quae
1145 1573 1358 1619 acciderint,

173 1623 257 1660 ferri
286 1631 324 1660 et
351 1637 458 1672 posse
487 1632 524 1660 et
551 1634 732 1672 oportere,
752 1627 981 1662 enumeratio
1009 1639 1148 1670 eorum,
1169 1627 1234 1674 qui
1261 1627 1358 1664 tule-

173 1683 273 1713 runt.
332 1677 414 1714 Etsi
435 1678 668 1726 aegritudinis
688 1679 829 1715 sedatio
850 1686 887 1715 et
909 1680 1080 1715 hesterna
1107 1680 1358 1727 disputatione

175 1730 362 1778 explicata
391 1738 447 1767 est
479 1738 516 1766 et
544 1731 581 1766 in
604 1731 879 1768 Consolationis
906 1732 1014 1776 libro,
1036 1745 1147 1780 quem
1170 1733 1207 1768 in
1234 1733 1357 1769 medio

174 1782 268 1832 (non
289 1784 387 1820 enim
409 1784 592 1832 sapientes
612 1784 777 1831 eramus)
796 1798 951 1822 maerore
968 1793 1005 1822 et
1024 1786 1149 1822 dolore
1169 1787 1357 1835 conscrip-

175 1837 314 1880 simus3
351 1839 527 1886 quodque
558 1845 660 1874 vetat
694 1839 939 1887 Chrysippus,
972 1839 1019 1875 ad
1048 1846 1213 1875 recentes
1249 1841 1357 1888 quasi

175 1896 338 1926 tumores
357 1890 470 1926 animi
490 1891 693 1928 remedium
713 1892 899 1936 adhibere,
918 1892 955 1928 id
974 1905 1042 1928 nos
1060 1893 1226 1936 fecimus,
1246 1899 1358 1929 natu-

175 1955 304 1992 raeque
334 1943 408 1979 vim
437 1944 643 1988 attulimus,
664 1951 707 1981 ut
735 1945 982 1994 magnitudini
1006 1946 1200 1982 medicinae
1220 1946 1357 1982 doloris

175 1997 393 2043 magnitudo
412 1997 638 2033 concederet.

119 2056 160 2085 64
230 2049 360 2086 XXX.
391 2050 464 2085 Sed
495 2050 720 2098 aegritudini,
741 2046 786 2087 de
816 2064 891 2100 qua
916 2051 1004 2088 satis
1034 2059 1090 2088 est
1111 2052 1356 2100 disputatum,

177 2102 359 2139 finitimus
389 2110 445 2139 est
474 2110 606 2146 metm,
628 2104 672 2139 de
700 2117 775 2152 quo
806 2118 923 2153 pauca
949 2106 1103 2142 dicenda
1129 2111 1229 2141 sunt.
1288 2105 1359 2142 Est

177 2156 275 2191 enim
296 2164 431 2201 metuS,
452 2163 493 2192 ut
511 2157 693 2203 aegritudo
713 2159 920 2205 praesentis,
942 2159 992 2194 sic
1020 2158 1083 2193 ille
1111 2158 1226 2194 futuri
1254 2159 1355 2194 mali.

178 2207 312 2256 Itaque
345 2210 516 2245 nonnulli
548 2211 779 2258 aegritudinis
816 2220 957 2259 partem
992 2212 1179 2259 quandam
1216 2218 1358 2249 metum

178 2274 257 2298 esse
277 2263 473 2307 ‹licebant3
505 2263 566 2298 alii
586 2270 707 2299 autem
729 2272 869 2300 metum
891 2264 1176 2313 praemolestiam
1193 2265 1357 2312 appella·

176 2314 278 2358 bant,
317 2317 418 2363 quod
455 2323 552 2352 esset
588 2317 693 2364 quasi
733 2317 812 2353 dux
858 2318 1119 2365 consequentis
1161 2317 1355 2355 molestiae.

178 2368 326 2408 Quibus
346 2368 458 2417 igitur
476 2370 681 2406 rationibus
700 2370 876 2407 instantia
900 2371 1080 2416 feruntur,
1101 2371 1240 2407 eisdem
1268 2384 1358 2408 con·
