1471 2585
179 431 217 459 65

172 1335 211 1366 66

237 103 286 138 62
554 114 757 139 TUSCULAN
787 114 1084 140 DISPUTATIONS.
1224 100 1413 152 [65—67.

236 221 322 256 quae
351 208 428 244 sine
454 208 706 245 venditatione
734 214 770 245 et
800 209 878 245 sine
908 210 1047 258 populo
1080 215 1172 246 teste
1201 209 1310 255 fiunt,
1339 223 1416 247 non

237 274 312 310 quo
332 261 529 310 fugiendus
550 262 597 298 sit
614 261 757 310 (omnia
776 262 874 299 enim
895 263 988 299 bene
1008 263 1103 300 facta
1121 263 1158 299 in
1179 263 1260 299 luce
1280 276 1318 299 se
1337 264 1414 300 col-

236 315 347 351 locari
370 313 530 361 volunt),
553 315 616 351 sed
635 321 760 352 tamen
787 316 934 352 nullum
962 316 1146 353 theatrum
1175 317 1305 353 virtuti
1325 330 1414 354 con-

236 368 388 404 scientia
406 369 526 417 majus
545 375 613 405 est.

289 421 462 457 XXVII.
496 422 622 470 Atque
654 422 691 458 in
721 422 848 471 primis
878 423 1099 459 meditemur
1125 423 1232 467 illud,
1262 430 1305 460 ut
1331 423 1414 460 haec

235 475 412 522 patientia
431 475 612 519 dolorum,
632 488 743 523 quam
765 489 864 524 saepe
880 476 957 524 jam
976 476 1090 512 animi
1108 477 1312 514 intentione
1332 478 1413 514 dixi

235 541 315 564 esse
336 529 566 573 firmandam,
587 529 624 564 in
644 529 744 564 omni
764 542 895 577 genere
922 542 960 565 se
987 530 1209 578 aequabilem
1233 532 1410 578 praebeat.

236 581 346 629 Saepe
375 582 472 617 enim
501 582 621 625 multi,
643 582 707 630 qui
733 590 797 618 aut
822 588 969 630 propter
988 583 1151 620 vietoriae
1172 584 1412 631 cupiditatem

234 641 299 670 aut
318 641 466 683 propter
483 636 623 682 gloriae,
645 642 709 671 aut
727 636 837 671 etiam
857 643 899 671 ut
919 636 983 684 jus
1012 649 1119 672 suum
1148 644 1185 673 et
1202 637 1410 674 libertatem

235 693 414 732 tenerent,
436 689 588 725 vulnera
617 696 844 736 exceperunt
864 689 1003 725 fortiter
1028 696 1065 726 et
1092 691 1268 733 tulerunt,
1299 691 1412 727 iidem

234 741 369 777 omissa
401 742 637 778 contentione
669 742 833 778 dolorem
863 743 981 778 morbi
1009 743 1099 779 ferre
1133 756 1206 780 non
1239 751 1410 792 possunt.

233 793 366 842 Neque
400 795 498 830 enim
532 795 652 838 illum,
682 808 793 843 quem
832 796 936 831 facile
969 797 1142 839 tulerant,
1176 797 1316 833 ratione
1347 804 1412 834 aut

233 848 413 895 sapientia
437 849 611 890 tulerant,
643 850 705 884 sed
728 849 850 885 studio
876 849 1000 897 potius
1029 857 1065 886 et
1091 850 1219 898 gloria.
1280 851 1412 898 ltaque

231 901 374 937 barbari
395 902 546 949 quidam
566 909 602 937 et
621 902 801 938 immanes
817 903 908 938 ferro
928 903 1111 939 decertare
1130 903 1303 940 acerrime
1323 914 1410 952 pos-

232 960 331 999 sunt,
360 963 537 1003 aegrotare
559 955 711 991 viriliter
735 968 809 992 non
834 963 1000 1003 queunt3
1035 957 1157 993 Graeci
1187 963 1312 992 autem
1340 957 1409 993 ho-

229 1007 361 1051 mines,
383 1021 455 1044 non
477 1008 564 1044 satis
590 1009 756 1052 animosi,
777 1010 988 1057 prudentes,
1007 1017 1050 1045 ut
1068 1016 1124 1046 est
1140 1017 1270 1058 captus
1289 1010 1408 1046 homi-

229 1072 333 1104 num,
354 1062 454 1105 satis,
472 1062 615 1097 hostem
635 1062 821 1110 adspicere
837 1075 909 1097 non
923 1071 1102 1110 possunt3
1126 1063 1244 1099 eidem
1261 1063 1408 1101 morbos

230 1114 429 1150 toleranter
447 1122 557 1162 atque
576 1115 736 1150 humane
753 1116 886 1150 ferunt.
943 1116 996 1152 At
1017 1116 1156 1152 Cimbri
1175 1122 1212 1152 et
1232 1116 1409 1153 Celtiberi

229 1166 268 1202 in
289 1168 429 1213 proeliis
445 1169 649 1210 exsultant,
670 1168 923 1204 lamentantur
950 1169 988 1204 in
1017 1170 1166 1214 morb03
1197 1169 1289 1205 nihil
1309 1170 1408 1207 enim

229 1227 353 1267 potest
383 1233 462 1258 esse
498 1222 694 1269 aequabile,
728 1222 829 1269 quod
864 1234 938 1258 non
975 1235 996 1258 a
1026 1229 1124 1258 certa
1154 1223 1294 1259 ratione
1322 1236 1414 1271 pro2

228 1273 426 1311 ficiscatur.

284 1327 357 1362 Sed
387 1340 503 1375 quum
529 1327 665 1370 videas,
693 1340 767 1371 eos,
801 1328 863 1375 qui
893 1334 957 1364 aut
986 1328 1110 1364 studio
1140 1335 1206 1365 aut
1235 1329 1407 1378 opinione

229 1379 425 1422 ducantur,
458 1381 494 1415 in
527 1393 570 1415 eo
596 1382 850 1428 persequendo
876 1388 987 1428 atque
1014 1381 1250 1430 adipiscendo
1281 1383 1408 1421 dolore

228 1445 303 1468 non
336 1433 478 1482 frangi:
520 1434 653 1470 debeas
686 1434 909 1476 existimare,
940 1441 1004 1470 aut
1041 1447 1116 1470 non
1153 1448 1231 1472 esse
1265 1436 1406 1473 malum

228 1486 403 1530 dolorem,
436 1493 512 1530 aut,
549 1487 657 1522 etiam
691 1487 733 1531 si,
765 1488 939 1535 quicquid
970 1500 1138 1536 asperum
1169 1489 1406 1537 alienumque

226 1547 361 1575 natura
386 1541 442 1582 sit,
470 1540 507 1575 id
533 1540 709 1588 appellari
738 1541 878 1588 plac-eat
897 1541 1048 1584 malum,
1070 1542 1255 1578 tantulum
1282 1550 1406 1579 tamen

228 1605 320 1636 esse,
351 1600 392 1629 ut
417 1606 438 1628 a
465 1593 602 1629 virtute
629 1593 680 1629 ita
709 1594 897 1638 obruatur,
931 1602 974 1630 ut
1006 1607 1189 1642 nusquam
1216 1603 1403 1644 appareat.

229 1646 328 1684 Quae
366 1647 552 1690 meditare,
591 1659 731 1694 quaeso,
771 1647 848 1683 dies
879 1654 914 1684 et
949 1655 1088 1683 noctes.
1146 1648 1276 1684 Latius
1306 1649 1404 1685 enim

226 1701 392 1736 manabit
420 1700 501 1736 haec
530 1699 621 1735 ratio
651 1707 686 1735 et
714 1700 903 1748 aliquanto
932 1700 1106 1748 majorem
1135 1701 1270 1745 locum,
1291 1714 1403 1750 quam

227 1752 272 1787 de
293 1765 366 1788 uno
387 1753 523 1796 dolore,
543 1754 750 1801 occupabit.
808 1754 903 1789 Nam
927 1754 957 1789 si
976 1754 1099 1789 omnia
1117 1754 1304 1801 fugiendae
1324 1761 1402 1791 tur-

227 1805 406 1852 pitudinis
423 1806 746 1854 adipiscendaeque
760 1807 962 1843 honestatis
978 1819 1107 1843 caussa
1122 1808 1308 1852 faciemus,
1327 1820 1403 1845 non

228 1859 339 1894 modo
370 1859 540 1895 stimulos
565 1860 713 1904 doloris,
734 1861 798 1896 sed
819 1861 928 1896 etiam
948 1860 1103 1896 fulmina
1127 1861 1286 1898 fortunae
1315 1874 1403 1897 con-

227 1917 436 1948 temnamus
465 1912 599 1955 licebit,
630 1914 832 1961 praesertim
853 1926 967 1961 quum
988 1920 1154 1960 paratum
1175 1914 1222 1950 sit
1239 1915 1334 1950 illud
1352 1927 1400 1951 ex

171 1972 209 2004 67
228 1964 398 2001 hesterna
418 1966 667 2013 disputatione
688 1967 909 2015 perfugium.
967 1966 1022 2002 Ut
1037 1967 1147 2011 euim,
1168 1968 1198 2002 si
1218 1967 1277 2003 cui
1296 1968 1401 2004 navi-

227 2019 340 2066 ganti,
372 2032 482 2066 quem
516 2019 709 2066 praedones
742 2020 997 2068 insequantur,
1027 2021 1118 2055 deus
1148 2020 1212 2067 qui
1240 2021 1399 2058 dixerit:

228 2071 370 2120 “Ejice
388 2080 433 2107 ‘te
462 2073 505 2108 de
533 2072 640 2115 uavi;
677 2080 812 2120 praesto
841 2080 907 2116 est,
936 2074 1000 2121 qui
1030 2073 1202 2120 excipiat,
1234 2073 1293 2109 vel
1322 2074 1401 2109 del-

225 2124 375 2170 phinus,
398 2132 437 2161 ut
455 2125 630 2162 Arionem
649 2125 960 2174 Meffiymnaeum,
981 2127 1039 2162 vel
1066 2125 1151 2174 equi
1179 2126 1328 2173 Pelopis
1347 2127 1401 2163 illi

225 2176 417 2225 Neptunii,
445 2179 509 2226 qui
540 2191 609 2226 per
637 2180 752 2215 undas
784 2192 912 2216 currus
941 2191 1130 2228 suspensos
1151 2181 1318 2227 rapuisse
1343 2180 1400 2216 di-

224 2238 369 2274 cuntur,
397 2232 587 2280 excipient
615 2238 650 2267 te
680 2238 728 2275 et,
763 2244 838 2279 quo
871 2233 971 2276 velis,
1002 2232 1223 2280 perferent‚’'
1251 2245 1399 2269 omnem

223 2284 368 2319 omittat
388 2285 555 2320 timorem
572 2299 580 2321 :
611 2285 661 2321 sie
679 2286 896 2333 urgentibus
916 2286 1054 2334 asperis
1080 2292 1116 2320 et
1136 2285 1272 2321 odiosis
1293 2286 1398 2322 dolo-

220 2337 335 2380 ribus,
357 2337 385 2372 si
407 2338 498 2373 tanti
529 2339 615 2382 sint,
645 2345 686 2374 ut
714 2339 853 2374 ferendi
882 2352 954 2375 non
984 2338 1069 2383 sint,
1089 2350 1162 2386 quo
1192 2339 1239 2375 sit
1267 2339 1398 2376 confu-

218 2390 407 2439 giendum,
429 2391 543 2428 vides.
