1471 2585
85 101 148 144 72,
171 97 255 149 73.]
419 111 523 136 Boou
554 111 613 136 111.
645 111 762 136 cuAP.
794 100 855 144 29,
888 101 950 136 30.
1221 99 1270 138 87

84 207 185 256 apud
205 205 440 254 Sophoclem,
462 206 526 254 qui
547 206 788 242 Telamonem
808 212 916 242 antea
935 205 980 241 de
1000 204 1126 253 Ajaeis
1152 211 1270 241 morte

86 260 298 297 consolatus
317 267 426 302 esset,
447 259 478 295 is
498 272 615 307 quum
635 259 838 295 audivisset
858 259 902 295 de
932 271 1011 303 suo,
1032 259 1168 295 fractus
1197 265 1267 295 est.

48 316 51 318 ’
87 314 146 351 De
163 313 270 362 cujus
289 320 517 349 commutata
537 319 660 348 mente
681 312 732 349 sic
750 313 908 349 dicitur:

214 392 282 423 Nec
298 395 377 422 ve'ro
392 396 483 422 tanta
498 392 665 432 praeditus
680 392 839 432 sapientia

213 436 393 474 Quisquam
412 438 471 472 est,
487 436 541 475 qui
557 435 693 465 aliorum
710 438 891 465 aerumnam
909 435 1004 466 dictis
1019 435 1163 465 allevans

214 479 287 509 Non
304 479 402 517 idem,
418 489 518 518 quum
534 478 665 508 fortuna
681 483 805 508 mutata
821 480 981 518 impetum

214 522 401 559 Comei-tat,
416 522 507 552 clade
523 522 631 552 subita
646 522 818 562 frangatur
834 532 902 559 sua,

215 565 261 596 Ut
276 565 332 595 illa
346 565 388 595 ad
403 565 483 596 alios
499 565 587 595 dicta
601 570 634 594 et
649 570 813 605 praecepta
829 565 991 595 excidant.

88 634 186 671 Haec
215 647 332 683 quum
360 634 565 682 disputant,
587 633 655 670 hoc
684 634 838 670 student
865 635 1020 676 efficere,
1041 640 1186 669 naturae
1205 632 1273 668 ob-

88 688 168 724 sisti
202 688 306 724 nullo
344 688 454 724 modo
493 701 624 736 posse;
654 687 681 723 ii
718 695 842 724 tamen
881 688 1054 730 fatentur,
1089 687 1274 734 graviores

88 741 329 790 aegritudiues
349 741 497 790 suscipi,
520 754 632 789 quam
653 747 785 777 natura
805 748 925 789 cogat.
975 741 1073 779 Quae
1087 747 1142 775 est
1162 740 1275 789 igitur

88 795 276 831 amentia?
307 802 350 830 ut
368 807 435 830 nos
456 807 606 843 quoque
625 795 723 830 idem
744 795 790 831 ab
810 795 884 830 illis
903 795 1148 843 requiramus.

142 848 215 884 Sed
236 848 361 896 plures
382 856 471 884 sunt
490 861 634 885 caussae
655 848 879 896 suscipiendi
896 848 1045 884 doloris.
1103 846 1273 882 Primum

87 901 152 938 illa
171 901 298 950 opinio
319 902 418 945 mali,
440 914 513 950 quo
534 902 612 937 viso
632 910 743 949 atque
763 914 940 950 persuaso
969 901 1152 949 aegritudo
1174 900 1273 935 inse-

89 955 218 1003 quitur
232 956 457 999 necessario;
481 955 614 991 deiude
630 955 739 991 etiarn
757 962 903 1004 gratum
920 954 1075 990 mortuis
1091 967 1129 990 se
1144 954 1274 996 facere,

90 1009 119 1043 si
139 1008 298 1056 graviter
317 1022 379 1044 eos
398 1009 563 1057 lugeant,
583 1009 820 1046 arbitrantur.
877 1008 1033 1044 Accedit
1061 1006 1276 1056 superstitio

89 1061 282 1097 muliebris
302 1063 500 1109 quaedam:
530 1062 749 1098 existimant
774 1062 884 1106 enim,
905 1062 976 1097 diis
1003 1060 1277 1097 immortalibus

92 1127 130 1150 se
149 1115 293 1151 facilius
313 1115 578 1158 satisfacturos,
601 1115 629 1150 si
650 1128 777 1151 eorum
798 1115 908 1163 plaga
936 1115 1095 1162 perculsi
1120 1114 1278 1150 afflictos

92 1180 130 1203 se
149 1176 187 1204 et
205 1176 338 1204 stratos
357 1181 437 1204 esse
457 1169 654 1204 fateantur.
711 1169 783 1204 Sed
804 1168 886 1204 haec
905 1167 1003 1203 inter
1030 1180 1068 1203 se
1088 1179 1200 1216 quam
1220 1179 1277 1201 re-

93 1228 270 1270 pugnent,
292 1222 458 1270 plerique
490 1234 565 1257 non
600 1222 739 1258 vident.
794 1221 970 1257 Laudant
990 1221 1088 1257 enim
1118 1232 1192 1263 eOS,
1214 1219 1279 1267 qui

92 1287 203 1322 aequo
239 1275 362 1310 animo
402 1275 628 1316 1noriantur3
675 1276 741 1323 qui
783 1275 934 1311 alterius
970 1282 1127 1310 mortem
1167 1285 1278 1320 aequo

91 1328 215 1364 animo
234 1328 366 1373 ferant,
388 1341 450 1364 eos
470 1335 604 1376 putant
622 1328 900 1376 vituperandos.
960 1327 1080 1367 Quasi
1102 1327 1179 1362 fieri
1199 1326 1278 1362 ullo

91 1382 203 1418 modo
235 1382 365 1430 possit,
393 1383 492 1430 quod
525 1382 563 1417 in
596 1382 774 1417 amatorio
808 1393 974 1418 sermone
1008 1380 1080 1416 dici
1111 1380 1216 1423 solet,
1236 1385 1280 1415 ut

92 1435 291 1483 quisquam
320 1435 405 1484 plus
435 1435 593 1471 alterum
629 1435 759 1483 diligat
790 1447 903 1483 quam
940 1447 991 1471 se.
1051 1433 1279 1470 Praeclarum

91 1489 188 1524 illud
206 1495 264 1525 est
281 1495 330 1532 et,
352 1489 382 1524 si
401 1489 551 1537 quaeris,
571 1496 710 1525 rectum
732 1500 883 1536 quoque
913 1498 950 1523 et
979 1500 1121 1531 verum,
1143 1493 1184 1522 ut
1203 1499 1278 1530 eos,

93 1541 159 1590 qui
178 1542 284 1578 nobis
304 1542 482 1578 carissimi
501 1554 581 1577 esse
600 1542 772 1586 debeant,
793 1554 902 1590 aeque
933 1554 975 1577 ac
1004 1547 1151 1577 uosmet
1179 1540 1280 1588 ipsos

94 1608 284 1639 amemus3
317 1602 360 1631 ut
394 1608 481 1631 vero
514 1595 611 1643 plus,
646 1595 726 1630 fieri
755 1595 860 1631 nullo
894 1603 1001 1643 pacto
1028 1601 1164 1642 potest.
1221 1592 1281 1629 Ne

93 1649 298 1696 optandum
319 1649 469 1697 quidem
490 1656 546 1684 est
564 1649 602 1684 in
622 1648 793 1692 amicitia,
814 1655 856 1684 ut
874 1661 934 1683 me
962 1648 1026 1683 ille
1053 1647 1139 1695 plus
1166 1658 1281 1694 quam

95 1715 146 1746 se,
167 1715 234 1750 ego
251 1702 359 1738 illum
379 1703 463 1750 plus
484 1714 595 1750 quam
616 1715 674 1738 me
695 1716 703 1745 ;
735 1701 962 1749 perturbatio
983 1701 1082 1743 vitae,
1101 1700 1131 1736 si
1149 1700 1201 1736 ita
1221 1699 1279 1744 sit,

95 1765 208 1803 atque
228 1756 432 1792 officiorum
453 1756 621 1792 omnium
642 1763 902 1802 consequatur.

149 1808 278 1845 XXX.
311 1810 384 1845 Sed
415 1809 460 1845 de
494 1809 563 1844 hoc
597 1809 710 1852 alias;
741 1821 842 1844 nunc
873 1807 967 1843 illud
998 1807 1085 1843 satis
1112 1813 1179 1850 est,
1206 1818 1281 1842 non

96 1862 297 1898 attribuere
328 1863 375 1897 ad
403 1862 639 1898 amissionem
670 1861 872 1897 amicorum
899 1861 1084 1896 miseriam
1104 1866 1280 1903 nostram,

97 1928 144 1950 ne
174 1915 258 1951 illos
280 1915 375 1962 plus,
396 1927 510 1962 quam
538 1915 611 1961 ipsi
636 1914 765 1958 velint,
796 1914 826 1950 si
855 1915 1028 1958 sentiant,
1054 1913 1140 1962 plus
1172 1920 1281 1956 certe,

97 1981 212 2017 quam
231 1975 377 2004 nosmet
396 1969 508 2016 ipsos,
529 1968 740 2016 diligamus.

153 2022 249 2058 Nam
263 2022 363 2070 quod
377 2022 493 2065 aiunt,
508 2021 703 2069 plerosque
717 2020 1034 2057 consolationibus
1050 2019 1142 2055 nibil
1155 2018 1282 2060 levari,

99 2075 396 2123 adjunguntque‚
427 2074 674 2110 consolatores
702 2075 804 2122 ipsos
834 2074 1001 2111 confiteri
1041 2086 1078 2108 se
1117 2072 1282 2115 miseros,

99 2140 218 2176 quum
238 2129 283 2163 ad
304 2141 366 2164 eos
385 2128 566 2176 impetum
587 2140 699 2164 suum
714 2129 862 2163 fortuna
878 2126 1117 2163 converterit:
1138 2132 1283 2161 utrum-

100 2193 173 2228 que
193 2177 421 2217 dissolvitur.
480 2181 577 2217 Sunt
602 2182 701 2217 enim
730 2181 801 2217 ista
828 2193 903 2217 non
931 2187 1076 2216 naturae
1097 2179 1198 2222 vitia,
1221 2178 1286 2214 sed

101 2234 238 2282 culpae.
277 2235 483 2270 Stultitiam
504 2241 628 2270 autem
648 2247 819 2271 accusare
833 2234 1003 2282 quamvis
1024 2232 1170 2280 copiose
1185 2232 1283 2268 licet.

103 2288 202 2324 Nam
221 2294 259 2323 et
277 2288 342 2336 qui
361 2301 436 2324 non
456 2288 639 2331 levantur,
658 2288 730 2336 ipsi
759 2288 804 2324 ad
833 2300 871 2323 se
900 2286 1085 2322 miseriam
1112 2285 1285 2328 invitant,

104 2347 141 2376 et
160 2341 226 2389 qui
261 2353 347 2377 suos
379 2353 486 2377 casus
516 2341 622 2376 aliter
648 2341 782 2384 ferunt,
804 2347 914 2388 atque
943 2346 984 2376 ut
1010 2346 1178 2375 auctores
1207 2337 1287 2374 aliis

105 2393 177 2442 ipsi
205 2393 368 2439 fuerunt,
396 2407 472 2430 non
506 2401 594 2431 sunt
627 2395 845 2438 vitiosiores,
873 2406 982 2442 quam
1009 2393 1082 2429 fere
1109 2393 1288 2441 plerique,

667 2459 681 2483 1
701 2451 723 2484 2
