<?xml version="1.0" encoding="UTF-8"?>
<!DOCTYPE html PUBLIC "-//W3C//DTD XHTML 1.0 Transitional//EN"
    "http://www.w3.org/TR/xhtml1/DTD/xhtml1-transitional.dtd">
<html xmlns="http://www.w3.org/1999/xhtml" xml:lang="en" lang="en">
 <head>
  <title>
</title>
<meta http-equiv="Content-Type" content="text/html;charset=utf-8" />
  <meta name='ocr-system' content='tesseract 3.04.00' />
  <meta name='ocr-capabilities' content='ocr_page ocr_carea ocr_par ocr_line ocrx_word'/>
</head>
<body>
  <div class='ocr_page' id='page_1' title='image "./tusculandisputat00ciceuoft_0144.png"; bbox 0 0 1471 2585; ppageno 0'>
   <div class='ocr_carea' id='block_1_1' title="bbox 207 99 1380 152">
    <p class='ocr_par' dir='ltr' id='par_1_1' title="bbox 207 99 1380 152">
     <span class='ocr_line' id='line_1_1' title="bbox 207 99 1380 152; baseline 0.001 -13"><span class='ocrx_word' id='word_1_1' title='bbox 207 105 281 140; x_wconf 89' lang='lat'>136</span> <span class='ocrx_word' id='word_1_2' title='bbox 532 115 735 141; x_wconf 67' lang='lat' dir='ltr'>Tuscumu</span> <span class='ocrx_word' id='word_1_3' title='bbox 764 115 1059 140; x_wconf 80' lang='lat' dir='ltr'>DlsPUTATIONS.</span> <span class='ocrx_word' id='word_1_4' title='bbox 1193 99 1380 152; x_wconf 89' lang='lat'>[57—60.</span> 
     </span>
    </p>
   </div>
   <div class='ocr_carea' id='block_1_2' title="bbox 149 209 1386 2436">
    <p class='ocr_par' dir='ltr' id='par_1_2' title="bbox 205 209 1381 312">
     <span class='ocr_line' id='line_1_2' title="bbox 206 209 1381 254; baseline 0 -9"><span class='ocrx_word' id='word_1_5' title='bbox 206 209 361 254; x_wconf 85' lang='lat' dir='ltr'>Marius,</span> <span class='ocrx_word' id='word_1_6' title='bbox 383 210 466 246; x_wconf 90' lang='lat' dir='ltr'>talis</span> <span class='ocrx_word' id='word_1_7' title='bbox 487 210 553 246; x_wconf 90' lang='lat' dir='ltr'>viri</span> <span class='ocrx_word' id='word_1_8' title='bbox 573 210 723 247; x_wconf 86' lang='lat' dir='ltr'>interitu</span> <span class='ocrx_word' id='word_1_9' title='bbox 743 223 810 246; x_wconf 88' lang='lat' dir='ltr'>sex</span> <span class='ocrx_word' id='word_1_10' title='bbox 832 223 917 246; x_wconf 90' lang='lat' dir='ltr'>suos</span> <span class='ocrx_word' id='word_1_11' title='bbox 936 210 1089 246; x_wconf 91' lang='lat' dir='ltr'>obruere</span> <span class='ocrx_word' id='word_1_12' title='bbox 1108 209 1325 245; x_wconf 86' lang='lat' dir='ltr'>consulatus</span> <span class='ocrx_word' id='word_1_13' title='bbox 1343 215 1381 246; x_wconf 89' lang='lat' dir='ltr'>et</span> 
     </span>
     <span class='ocr_line' id='line_1_3' title="bbox 205 263 1003 312; baseline 0.001 -14"><span class='ocrx_word' id='word_1_14' title='bbox 205 264 453 300; x_wconf 83' lang='lat' dir='ltr'>contaminare</span> <span class='ocrx_word' id='word_1_15' title='bbox 473 271 683 299; x_wconf 85' lang='lat' dir='ltr'>extremum</span> <span class='ocrx_word' id='word_1_16' title='bbox 704 272 849 312; x_wconf 90' lang='lat' dir='ltr'>tempus</span> <span class='ocrx_word' id='word_1_17' title='bbox 869 263 1003 299; x_wconf 84' lang='lat' dir='ltr'>aetatis.</span> 
     </span>
    </p>

    <p class='ocr_par' dir='ltr' id='par_1_3' title="bbox 149 316 1384 897">
     <span class='ocr_line' id='line_1_4' title="bbox 149 316 1380 365; baseline -0.002 -13"><span class='ocrx_word' id='word_1_18' title='bbox 149 323 186 353; x_wconf 87' lang='lat'>57</span> <span class='ocrx_word' id='word_1_19' title='bbox 258 316 348 352; x_wconf 88' lang='lat' dir='ltr'>XX.</span> <span class='ocrx_word' id='word_1_20' title='bbox 381 317 762 365; x_wconf 85' lang='lat' dir='ltr'>Duodequadraginta</span> <span class='ocrx_word' id='word_1_21' title='bbox 789 329 905 353; x_wconf 90' lang='lat' dir='ltr'>annos</span> <span class='ocrx_word' id='word_1_22' title='bbox 925 323 1106 364; x_wconf 85' lang='lat' dir='ltr'>tyrannus</span> <span class='ocrx_word' id='word_1_23' title='bbox 1127 316 1380 364; x_wconf 88' lang='lat' dir='ltr'>Syracusano·</span> 
     </span>
     <span class='ocr_line' id='line_1_5' title="bbox 205 369 1381 418; baseline -0.001 -13"><span class='ocrx_word' id='word_1_24' title='bbox 205 382 288 405; x_wconf 89' lang='lat' dir='ltr'>rum</span> <span class='ocrx_word' id='word_1_25' title='bbox 322 370 390 405; x_wconf 86' lang='lat' dir='ltr'>fuit</span> <span class='ocrx_word' id='word_1_26' title='bbox 423 370 644 418; x_wconf 89' lang='lat' dir='ltr'>Dionysius,</span> <span class='ocrx_word' id='word_1_27' title='bbox 681 383 796 418; x_wconf 91' lang='lat' dir='ltr'>quum</span> <span class='ocrx_word' id='word_1_28' title='bbox 832 370 998 418; x_wconf 86' lang='lat' dir='ltr'>quinque</span> <span class='ocrx_word' id='word_1_29' title='bbox 1035 376 1072 404; x_wconf 87' lang='lat' dir='ltr'>et</span> <span class='ocrx_word' id='word_1_30' title='bbox 1106 369 1236 416; x_wconf 83' lang='lat' dir='ltr'>viginti</span> <span class='ocrx_word' id='word_1_31' title='bbox 1273 375 1381 404; x_wconf 90' lang='lat' dir='ltr'>natus</span> 
     </span>
     <span class='ocr_line' id='line_1_6' title="bbox 205 421 1381 471; baseline -0.001 -13"><span class='ocrx_word' id='word_1_32' title='bbox 205 435 322 459; x_wconf 90' lang='lat' dir='ltr'>annos</span> <span class='ocrx_word' id='word_1_33' title='bbox 365 424 596 459; x_wconf 89' lang='lat' dir='ltr'>dominatum</span> <span class='ocrx_word' id='word_1_34' title='bbox 639 424 907 471; x_wconf 85' lang='lat' dir='ltr'><strong>occupavisset.</strong></span> <span class='ocrx_word' id='word_1_35' title='bbox 976 422 1063 460; x_wconf 82' lang='lat' dir='ltr'>Qua</span> <span class='ocrx_word' id='word_1_36' title='bbox 1104 421 1381 470; x_wconf 84' lang='lat' dir='ltr'>pulchritudine</span> 
     </span>
     <span class='ocr_line' id='line_1_7' title="bbox 205 475 1381 525; baseline -0.001 -14"><span class='ocrx_word' id='word_1_37' title='bbox 205 476 348 518; x_wconf 89' lang='lat' dir='ltr'>urbem,</span> <span class='ocrx_word' id='word_1_38' title='bbox 369 477 504 524; x_wconf 91' lang='lat' dir='ltr'>quibus</span> <span class='ocrx_word' id='word_1_39' title='bbox 524 482 648 512; x_wconf 91' lang='lat' dir='ltr'>autem</span> <span class='ocrx_word' id='word_1_40' title='bbox 667 477 800 525; x_wconf 91' lang='lat' dir='ltr'>opibus</span> <span class='ocrx_word' id='word_1_41' title='bbox 819 475 1015 524; x_wconf 80' lang='lat' dir='ltr'>praeditam</span> <span class='ocrx_word' id='word_1_42' title='bbox 1035 475 1210 511; x_wconf 88' lang='lat' dir='ltr'>servitute</span> <span class='ocrx_word' id='word_1_43' title='bbox 1229 487 1381 523; x_wconf 89' lang='lat' dir='ltr'>oppres-</span> 
     </span>
     <span class='ocr_line' id='line_1_8' title="bbox 207 527 1382 577; baseline -0.001 -13"><span class='ocrx_word' id='word_1_44' title='bbox 207 542 285 564; x_wconf 89' lang='lat' dir='ltr'>sam</span> <span class='ocrx_word' id='word_1_45' title='bbox 314 530 434 565; x_wconf 88' lang='lat' dir='ltr'>tenuit</span> <span class='ocrx_word' id='word_1_46' title='bbox 459 529 668 566; x_wconf 83' lang='lat' dir='ltr'>civitatem!</span> <span class='ocrx_word' id='word_1_47' title='bbox 726 530 844 577; x_wconf 85' lang='lat' dir='ltr'>Atqui</span> <span class='ocrx_word' id='word_1_48' title='bbox 875 530 918 565; x_wconf 92' lang='lat' dir='ltr'>de</span> <span class='ocrx_word' id='word_1_49' title='bbox 952 528 1022 564; x_wconf 90' lang='lat' dir='ltr'>hoc</span> <span class='ocrx_word' id='word_1_50' title='bbox 1051 528 1200 564; x_wconf 90' lang='lat' dir='ltr'>homine</span> <span class='ocrx_word' id='word_1_51' title='bbox 1225 541 1247 564; x_wconf 92' lang='lat' dir='ltr'>a</span> <span class='ocrx_word' id='word_1_52' title='bbox 1275 527 1382 563; x_wconf 88' lang='lat' dir='ltr'>bonis</span> 
     </span>
     <span class='ocr_line' id='line_1_9' title="bbox 206 581 1382 631; baseline -0.001 -14"><span class='ocrx_word' id='word_1_53' title='bbox 206 582 419 618; x_wconf 90' lang='lat' dir='ltr'>auctoribus</span> <span class='ocrx_word' id='word_1_54' title='bbox 439 583 489 618; x_wconf 91' lang='lat' dir='ltr'>sic</span> <span class='ocrx_word' id='word_1_55' title='bbox 510 583 687 631; x_wconf 88' lang='lat' dir='ltr'>scriptum</span> <span class='ocrx_word' id='word_1_56' title='bbox 707 584 928 631; x_wconf 87' lang='lat' dir='ltr'>accepimus,</span> <span class='ocrx_word' id='word_1_57' title='bbox 949 594 1130 617; x_wconf 81' lang='lat' dir='ltr'>summam</span> <span class='ocrx_word' id='word_1_58' title='bbox 1159 581 1272 617; x_wconf 89' lang='lat' dir='ltr'>fuisse</span> <span class='ocrx_word' id='word_1_59' title='bbox 1301 581 1382 630; x_wconf 89' lang='lat' dir='ltr'>ejus</span> 
     </span>
     <span class='ocr_line' id='line_1_10' title="bbox 205 634 1382 683; baseline -0.001 -13"><span class='ocrx_word' id='word_1_60' title='bbox 205 635 244 671; x_wconf 88' lang='lat' dir='ltr'>in</span> <span class='ocrx_word' id='word_1_61' title='bbox 280 635 383 671; x_wconf 87' lang='lat' dir='ltr'>victu</span> <span class='ocrx_word' id='word_1_62' title='bbox 420 636 714 683; x_wconf 80' lang='lat' dir='ltr'>temperantiam,</span> <span class='ocrx_word' id='word_1_63' title='bbox 753 636 788 671; x_wconf 90' lang='lat' dir='ltr'>in</span> <span class='ocrx_word' id='word_1_64' title='bbox 826 636 1011 682; x_wconf 87' lang='lat' dir='ltr'>rebusque</span> <span class='ocrx_word' id='word_1_65' title='bbox 1051 634 1226 683; x_wconf 88' lang='lat' dir='ltr'>gerundis</span> <span class='ocrx_word' id='word_1_66' title='bbox 1261 634 1382 670; x_wconf 91' lang='lat' dir='ltr'>virum</span> 
     </span>
     <span class='ocr_line' id='line_1_11' title="bbox 205 687 1383 733; baseline 0 -9"><span class='ocrx_word' id='word_1_67' title='bbox 205 701 327 724; x_wconf 87' lang='lat' dir='ltr'>acrem</span> <span class='ocrx_word' id='word_1_68' title='bbox 356 696 393 725; x_wconf 88' lang='lat' dir='ltr'>et</span> <span class='ocrx_word' id='word_1_69' title='bbox 419 689 655 733; x_wconf 89' lang='lat' dir='ltr'>industrium,</span> <span class='ocrx_word' id='word_1_70' title='bbox 677 690 836 725; x_wconf 91' lang='lat' dir='ltr'>eundem</span> <span class='ocrx_word' id='word_1_71' title='bbox 866 695 989 724; x_wconf 85' lang='lat' dir='ltr'>tamen</span> <span class='ocrx_word' id='word_1_72' title='bbox 1019 687 1228 723; x_wconf 88' lang='lat' dir='ltr'>maleficum</span> <span class='ocrx_word' id='word_1_73' title='bbox 1251 694 1383 724; x_wconf 87' lang='lat' dir='ltr'>natura</span> 
     </span>
     <span class='ocr_line' id='line_1_12' title="bbox 206 740 1382 791; baseline -0.001 -14"><span class='ocrx_word' id='word_1_74' title='bbox 206 749 244 777; x_wconf 91' lang='lat' dir='ltr'>et</span> <span class='ocrx_word' id='word_1_75' title='bbox 261 741 455 791; x_wconf 87' lang='lat' dir='ltr'>injustum.</span> <span class='ocrx_word' id='word_1_76' title='bbox 513 743 574 778; x_wconf 87' lang='lat' dir='ltr'>Ex</span> <span class='ocrx_word' id='word_1_77' title='bbox 596 755 670 790; x_wconf 94' lang='lat' dir='ltr'>quo</span> <span class='ocrx_word' id='word_1_78' title='bbox 691 743 863 778; x_wconf 86' lang='lat' dir='ltr'>omnibus</span> <span class='ocrx_word' id='word_1_79' title='bbox 883 742 977 777; x_wconf 88' lang='lat' dir='ltr'>bene</span> <span class='ocrx_word' id='word_1_80' title='bbox 993 742 1182 776; x_wconf 89' lang='lat' dir='ltr'>veritatem</span> <span class='ocrx_word' id='word_1_81' title='bbox 1203 740 1382 776; x_wconf 86' lang='lat' dir='ltr'>intuenti-</span> 
     </span>
     <span class='ocr_line' id='line_1_13' title="bbox 205 794 1382 842; baseline 0.001 -12"><span class='ocrx_word' id='word_1_82' title='bbox 205 794 276 830; x_wconf 90' lang='lat' dir='ltr'>bus</span> <span class='ocrx_word' id='word_1_83' title='bbox 299 795 411 831; x_wconf 86' lang='lat' dir='ltr'>videri</span> <span class='ocrx_word' id='word_1_84' title='bbox 431 808 579 832; x_wconf 89' lang='lat' dir='ltr'>necesse</span> <span class='ocrx_word' id='word_1_85' title='bbox 599 802 655 831; x_wconf 88' lang='lat' dir='ltr'>est</span> <span class='ocrx_word' id='word_1_86' title='bbox 673 795 934 831; x_wconf 87' lang='lat' dir='ltr'>miserrimum.</span> <span class='ocrx_word' id='word_1_87' title='bbox 991 795 1048 830; x_wconf 89' lang='lat' dir='ltr'>Ea</span> <span class='ocrx_word' id='word_1_88' title='bbox 1067 794 1165 830; x_wconf 88' lang='lat' dir='ltr'>enim</span> <span class='ocrx_word' id='word_1_89' title='bbox 1183 794 1275 842; x_wconf 87' lang='lat' dir='ltr'>ipsa,</span> <span class='ocrx_word' id='word_1_90' title='bbox 1296 806 1382 841; x_wconf 87' lang='lat' dir='ltr'>quae</span> 
     </span>
     <span class='ocr_line' id='line_1_14' title="bbox 206 847 1384 897; baseline 0.001 -14"><span class='ocrx_word' id='word_1_91' title='bbox 206 849 453 896; x_wconf 86' lang='lat' dir='ltr'>concupierat,</span> <span class='ocrx_word' id='word_1_92' title='bbox 485 862 531 885; x_wconf 90' lang='lat' dir='ltr'>ne</span> <span class='ocrx_word' id='word_1_93' title='bbox 570 855 650 884; x_wconf 91' lang='lat' dir='ltr'>tum</span> <span class='ocrx_word' id='word_1_94' title='bbox 688 849 851 897; x_wconf 88' lang='lat' dir='ltr'>quidem,</span> <span class='ocrx_word' id='word_1_95' title='bbox 883 860 1001 896; x_wconf 90' lang='lat' dir='ltr'>quum</span> <span class='ocrx_word' id='word_1_96' title='bbox 1038 847 1163 883; x_wconf 86' lang='lat' dir='ltr'>omnia</span> <span class='ocrx_word' id='word_1_97' title='bbox 1200 859 1239 882; x_wconf 89' lang='lat' dir='ltr'>se</span> <span class='ocrx_word' id='word_1_98' title='bbox 1275 859 1384 894; x_wconf 86' lang='lat' dir='ltr'>posse</span> 
     </span>
    </p>

    <p class='ocr_par' dir='ltr' id='par_1_4' title="bbox 149 900 1385 1693">
     <span class='ocr_line' id='line_1_15' title="bbox 149 900 1384 950; baseline -0.001 -14"><span class='ocrx_word' id='word_1_99' title='bbox 149 908 188 937; x_wconf 87' lang='lat'>58</span> <span class='ocrx_word' id='word_1_100' title='bbox 207 903 390 944; x_wconf 88' lang='lat' dir='ltr'>censebat,</span> <span class='ocrx_word' id='word_1_101' title='bbox 411 903 716 950; x_wconf 84' lang='lat' dir='ltr'>consequebatur.</span> <span class='ocrx_word' id='word_1_102' title='bbox 757 901 961 949; x_wconf 80' lang='lat' dir='ltr'>Quiquum</span> <span class='ocrx_word' id='word_1_103' title='bbox 983 909 1080 936; x_wconf 86' lang='lat' dir='ltr'>esset</span> <span class='ocrx_word' id='word_1_104' title='bbox 1098 900 1206 936; x_wconf 91' lang='lat' dir='ltr'>bonis</span> <span class='ocrx_word' id='word_1_105' title='bbox 1221 902 1384 947; x_wconf 85' lang='lat' dir='ltr'>parenti-</span> 
     </span>
     <span class='ocr_line' id='line_1_16' title="bbox 208 953 1383 1003; baseline -0.001 -14"><span class='ocrx_word' id='word_1_106' title='bbox 208 954 276 989; x_wconf 91' lang='lat' dir='ltr'>bus</span> <span class='ocrx_word' id='word_1_107' title='bbox 296 962 409 1002; x_wconf 91' lang='lat' dir='ltr'>atque</span> <span class='ocrx_word' id='word_1_108' title='bbox 429 955 585 991; x_wconf 87' lang='lat' dir='ltr'>honesto</span> <span class='ocrx_word' id='word_1_109' title='bbox 605 955 688 991; x_wconf 87' lang='lat' dir='ltr'>loco</span> <span class='ocrx_word' id='word_1_110' title='bbox 708 962 817 990; x_wconf 90' lang='lat' dir='ltr'>natus</span> <span class='ocrx_word' id='word_1_111' title='bbox 837 954 925 1003; x_wconf 76' lang='lat' dir='ltr'>&lt;etsi</span> <span class='ocrx_word' id='word_1_112' title='bbox 953 954 990 990; x_wconf 92' lang='lat' dir='ltr'>id</span> <span class='ocrx_word' id='word_1_113' title='bbox 1016 954 1166 1001; x_wconf 90' lang='lat' dir='ltr'>quidem</span> <span class='ocrx_word' id='word_1_114' title='bbox 1190 953 1285 988; x_wconf 88' lang='lat' dir='ltr'>alius</span> <span class='ocrx_word' id='word_1_115' title='bbox 1311 954 1383 989; x_wconf 87' lang='lat' dir='ltr'>alio</span> 
     </span>
     <span class='ocr_line' id='line_1_17' title="bbox 204 1006 1384 1055; baseline -0.002 -12"><span class='ocrx_word' id='word_1_116' title='bbox 204 1008 315 1043; x_wconf 91' lang='lat' dir='ltr'>modo</span> <span class='ocrx_word' id='word_1_117' title='bbox 336 1007 504 1055; x_wconf 82' lang='lat' dir='ltr'>tradidit)</span> <span class='ocrx_word' id='word_1_118' title='bbox 528 1009 806 1055; x_wconf 87' lang='lat' dir='ltr'>abundaretque</span> <span class='ocrx_word' id='word_1_119' title='bbox 835 1015 871 1044; x_wconf 91' lang='lat' dir='ltr'>et</span> <span class='ocrx_word' id='word_1_120' title='bbox 899 1007 1102 1055; x_wconf 85' lang='lat' dir='ltr'>aequalium</span> <span class='ocrx_word' id='word_1_121' title='bbox 1128 1006 1384 1042; x_wconf 88' lang='lat' dir='ltr'>familiaritati-</span> 
     </span>
     <span class='ocr_line' id='line_1_18' title="bbox 206 1059 1384 1109; baseline 0 -13"><span class='ocrx_word' id='word_1_122' title='bbox 206 1061 274 1096; x_wconf 90' lang='lat' dir='ltr'>bus</span> <span class='ocrx_word' id='word_1_123' title='bbox 294 1069 331 1097; x_wconf 95' lang='lat' dir='ltr'>et</span> <span class='ocrx_word' id='word_1_124' title='bbox 350 1062 617 1098; x_wconf 87' lang='lat' dir='ltr'>consuetudine</span> <span class='ocrx_word' id='word_1_125' title='bbox 638 1062 943 1109; x_wconf 88' lang='lat' dir='ltr'>propinquorum,</span> <span class='ocrx_word' id='word_1_126' title='bbox 966 1061 1116 1096; x_wconf 88' lang='lat' dir='ltr'>haberet</span> <span class='ocrx_word' id='word_1_127' title='bbox 1144 1059 1255 1095; x_wconf 90' lang='lat' dir='ltr'>etiam</span> <span class='ocrx_word' id='word_1_128' title='bbox 1284 1072 1384 1096; x_wconf 89' lang='lat' dir='ltr'>more</span> 
     </span>
     <span class='ocr_line' id='line_1_19' title="bbox 205 1113 1383 1162; baseline -0.001 -13"><span class='ocrx_word' id='word_1_129' title='bbox 205 1113 364 1150; x_wconf 84' lang='lat' dir='ltr'>Graeciae</span> <span class='ocrx_word' id='word_1_130' title='bbox 385 1115 564 1162; x_wconf 76' lang='lat' dir='ltr'>quosdam</span> <span class='ocrx_word' id='word_1_131' title='bbox 586 1115 838 1150; x_wconf 85' lang='lat' dir='ltr'>adolescentes</span> <span class='ocrx_word' id='word_1_132' title='bbox 857 1126 979 1149; x_wconf 90' lang='lat' dir='ltr'>amore</span> <span class='ocrx_word' id='word_1_133' title='bbox 995 1113 1235 1161; x_wconf 88' lang='lat' dir='ltr'>conjunctos:</span> <span class='ocrx_word' id='word_1_134' title='bbox 1260 1114 1383 1149; x_wconf 89' lang='lat' dir='ltr'>crede-</span> 
     </span>
     <span class='ocr_line' id='line_1_20' title="bbox 203 1166 1384 1216; baseline 0 -14"><span class='ocrx_word' id='word_1_135' title='bbox 203 1167 267 1202; x_wconf 90' lang='lat' dir='ltr'>bat</span> <span class='ocrx_word' id='word_1_136' title='bbox 286 1180 413 1203; x_wconf 87' lang='lat' dir='ltr'>eorum</span> <span class='ocrx_word' id='word_1_137' title='bbox 434 1169 584 1210; x_wconf 86' lang='lat' dir='ltr'>nemini,</span> <span class='ocrx_word' id='word_1_138' title='bbox 605 1168 670 1203; x_wconf 90' lang='lat' dir='ltr'>sed</span> <span class='ocrx_word' id='word_1_139' title='bbox 688 1169 743 1211; x_wconf 90' lang='lat' dir='ltr'>iis,</span> <span class='ocrx_word' id='word_1_140' title='bbox 765 1180 858 1216; x_wconf 90' lang='lat' dir='ltr'>quos</span> <span class='ocrx_word' id='word_1_141' title='bbox 886 1179 935 1203; x_wconf 86' lang='lat' dir='ltr'>ex</span> <span class='ocrx_word' id='word_1_142' title='bbox 961 1167 1110 1203; x_wconf 87' lang='lat' dir='ltr'>familiis</span> <span class='ocrx_word' id='word_1_143' title='bbox 1138 1166 1384 1214; x_wconf 87' lang='lat' dir='ltr'>locupletium</span> 
     </span>
     <span class='ocr_line' id='line_1_21' title="bbox 205 1219 1384 1269; baseline -0.001 -14"><span class='ocrx_word' id='word_1_144' title='bbox 205 1233 329 1256; x_wconf 88' lang='lat' dir='ltr'>servos</span> <span class='ocrx_word' id='word_1_145' title='bbox 350 1221 547 1269; x_wconf 80' lang='lat' dir='ltr'>delegerat,</span> <span class='ocrx_word' id='word_1_146' title='bbox 560 1221 697 1268; x_wconf 92' lang='lat' dir='ltr'>quibus</span> <span class='ocrx_word' id='word_1_147' title='bbox 710 1233 845 1256; x_wconf 91' lang='lat' dir='ltr'>nomen</span> <span class='ocrx_word' id='word_1_148' title='bbox 862 1220 998 1256; x_wconf 89' lang='lat' dir='ltr'>servitu</span> <span class='ocrx_word' id='word_1_149' title='bbox 1006 1221 1051 1255; x_wconf 88' lang='lat' dir='ltr'>tis</span> <span class='ocrx_word' id='word_1_150' title='bbox 1067 1220 1145 1268; x_wconf 89' lang='lat' dir='ltr'>ipse</span> <span class='ocrx_word' id='word_1_151' title='bbox 1162 1219 1384 1263; x_wconf 86' lang='lat' dir='ltr'>detraxerat,</span> 
     </span>
     <span class='ocr_line' id='line_1_22' title="bbox 205 1273 1384 1321; baseline 0.001 -13"><span class='ocrx_word' id='word_1_152' title='bbox 205 1282 242 1309; x_wconf 91' lang='lat' dir='ltr'>et</span> <span class='ocrx_word' id='word_1_153' title='bbox 266 1274 490 1321; x_wconf 85' lang='lat' dir='ltr'>quibusdam</span> <span class='ocrx_word' id='word_1_154' title='bbox 511 1275 688 1310; x_wconf 89' lang='lat' dir='ltr'>convenis</span> <span class='ocrx_word' id='word_1_155' title='bbox 716 1281 751 1310; x_wconf 91' lang='lat' dir='ltr'>et</span> <span class='ocrx_word' id='word_1_156' title='bbox 771 1275 854 1310; x_wconf 89' lang='lat' dir='ltr'>feris</span> <span class='ocrx_word' id='word_1_157' title='bbox 881 1273 1043 1309; x_wconf 87' lang='lat' dir='ltr'>barbaris</span> <span class='ocrx_word' id='word_1_158' title='bbox 1073 1273 1234 1320; x_wconf 86' lang='lat' dir='ltr'>corporis</span> <span class='ocrx_word' id='word_1_159' title='bbox 1259 1279 1384 1309; x_wconf 87' lang='lat' dir='ltr'>custo-</span> 
     </span>
     <span class='ocr_line' id='line_1_23' title="bbox 206 1325 1385 1374; baseline -0.001 -11"><span class='ocrx_word' id='word_1_160' title='bbox 206 1326 304 1363; x_wconf 88' lang='lat' dir='ltr'>diam</span> <span class='ocrx_word' id='word_1_161' title='bbox 342 1327 609 1363; x_wconf 85' lang='lat' dir='ltr'>committebat.</span> <span class='ocrx_word' id='word_1_162' title='bbox 673 1327 733 1362; x_wconf 87' lang='lat' dir='ltr'>Ita</span> <span class='ocrx_word' id='word_1_163' title='bbox 769 1333 916 1374; x_wconf 91' lang='lat' dir='ltr'>propter</span> <span class='ocrx_word' id='word_1_164' title='bbox 951 1326 1128 1371; x_wconf 85' lang='lat' dir='ltr'>injustam</span> <span class='ocrx_word' id='word_1_165' title='bbox 1172 1325 1385 1362; x_wconf 89' lang='lat' dir='ltr'>dominatus</span> 
     </span>
     <span class='ocr_line' id='line_1_24' title="bbox 206 1378 1382 1427; baseline 0.001 -13"><span class='ocrx_word' id='word_1_166' title='bbox 206 1380 446 1427; x_wconf 86' lang='lat' dir='ltr'>cupiditatem</span> <span class='ocrx_word' id='word_1_167' title='bbox 458 1380 496 1415; x_wconf 90' lang='lat' dir='ltr'>in</span> <span class='ocrx_word' id='word_1_168' title='bbox 513 1392 691 1416; x_wconf 88' lang='lat' dir='ltr'>carcerem</span> <span class='ocrx_word' id='word_1_169' title='bbox 712 1380 873 1427; x_wconf 90' lang='lat' dir='ltr'>quodam</span> <span class='ocrx_word' id='word_1_170' title='bbox 889 1380 1001 1415; x_wconf 90' lang='lat' dir='ltr'>modo</span> <span class='ocrx_word' id='word_1_171' title='bbox 1022 1379 1100 1426; x_wconf 90' lang='lat' dir='ltr'>ipse</span> <span class='ocrx_word' id='word_1_172' title='bbox 1116 1391 1153 1414; x_wconf 90' lang='lat' dir='ltr'>se</span> <span class='ocrx_word' id='word_1_173' title='bbox 1170 1378 1382 1415; x_wconf 90' lang='lat' dir='ltr'>incluserat.</span> 
     </span>
     <span class='ocr_line' id='line_1_25' title="bbox 209 1432 1384 1476; baseline -0.001 -7"><span class='ocrx_word' id='word_1_174' title='bbox 209 1432 312 1471; x_wconf 83' lang='lat' dir='ltr'>Quin</span> <span class='ocrx_word' id='word_1_175' title='bbox 333 1433 457 1476; x_wconf 89' lang='lat' dir='ltr'>etiam,</span> <span class='ocrx_word' id='word_1_176' title='bbox 472 1446 517 1468; x_wconf 89' lang='lat' dir='ltr'>ne</span> <span class='ocrx_word' id='word_1_177' title='bbox 537 1433 677 1468; x_wconf 90' lang='lat' dir='ltr'>tonsori</span> <span class='ocrx_word' id='word_1_178' title='bbox 696 1433 830 1468; x_wconf 88' lang='lat' dir='ltr'>collum</span> <span class='ocrx_word' id='word_1_179' title='bbox 852 1432 1108 1474; x_wconf 87' lang='lat' dir='ltr'>committeret,</span> <span class='ocrx_word' id='word_1_180' title='bbox 1123 1432 1273 1467; x_wconf 87' lang='lat' dir='ltr'>tondere</span> <span class='ocrx_word' id='word_1_181' title='bbox 1289 1432 1384 1468; x_wconf 89' lang='lat' dir='ltr'>filias</span> 
     </span>
     <span class='ocr_line' id='line_1_26' title="bbox 209 1484 1384 1533; baseline 0.002 -13"><span class='ocrx_word' id='word_1_182' title='bbox 209 1497 294 1521; x_wconf 83' lang='lat' dir='ltr'>suas</span> <span class='ocrx_word' id='word_1_183' title='bbox 315 1486 454 1522; x_wconf 89' lang='lat' dir='ltr'>docuit.</span> <span class='ocrx_word' id='word_1_184' title='bbox 515 1486 571 1521; x_wconf 88' lang='lat' dir='ltr'>Ita</span> <span class='ocrx_word' id='word_1_185' title='bbox 600 1486 747 1521; x_wconf 90' lang='lat' dir='ltr'>sordido</span> <span class='ocrx_word' id='word_1_186' title='bbox 777 1493 887 1533; x_wconf 82' lang='lat' dir='ltr'>atque</span> <span class='ocrx_word' id='word_1_187' title='bbox 916 1485 1081 1521; x_wconf 87' lang='lat' dir='ltr'>ancillari</span> <span class='ocrx_word' id='word_1_188' title='bbox 1100 1484 1253 1520; x_wconf 87' lang='lat' dir='ltr'>artificio</span> <span class='ocrx_word' id='word_1_189' title='bbox 1273 1485 1384 1533; x_wconf 86' lang='lat' dir='ltr'>regiae</span> 
     </span>
     <span class='ocr_line' id='line_1_27' title="bbox 208 1538 1385 1586; baseline 0.001 -13"><span class='ocrx_word' id='word_1_190' title='bbox 208 1538 382 1586; x_wconf 85' lang='lat' dir='ltr'>virgines,</span> <span class='ocrx_word' id='word_1_191' title='bbox 405 1546 445 1575; x_wconf 90' lang='lat' dir='ltr'>ut</span> <span class='ocrx_word' id='word_1_192' title='bbox 473 1539 716 1581; x_wconf 86' lang='lat' dir='ltr'>tonstriculae‚</span> <span class='ocrx_word' id='word_1_193' title='bbox 737 1539 939 1574; x_wconf 82' lang='lat' dir='ltr'>tondebant</span> <span class='ocrx_word' id='word_1_194' title='bbox 967 1539 1117 1574; x_wconf 87' lang='lat' dir='ltr'>barbam</span> <span class='ocrx_word' id='word_1_195' title='bbox 1146 1544 1183 1574; x_wconf 90' lang='lat' dir='ltr'>et</span> <span class='ocrx_word' id='word_1_196' title='bbox 1208 1538 1385 1586; x_wconf 89' lang='lat' dir='ltr'>capillum</span> 
     </span>
     <span class='ocr_line' id='line_1_28' title="bbox 209 1591 1383 1640; baseline 0.001 -13"><span class='ocrx_word' id='word_1_197' title='bbox 209 1591 335 1639; x_wconf 85' lang='lat' dir='ltr'>patris.</span> <span class='ocrx_word' id='word_1_198' title='bbox 394 1592 445 1628; x_wconf 90' lang='lat' dir='ltr'>Et</span> <span class='ocrx_word' id='word_1_199' title='bbox 464 1599 586 1628; x_wconf 88' lang='lat' dir='ltr'>tamen</span> <span class='ocrx_word' id='word_1_200' title='bbox 607 1593 652 1628; x_wconf 88' lang='lat' dir='ltr'>ab</span> <span class='ocrx_word' id='word_1_201' title='bbox 672 1592 727 1627; x_wconf 89' lang='lat' dir='ltr'>his</span> <span class='ocrx_word' id='word_1_202' title='bbox 747 1592 848 1640; x_wconf 89' lang='lat' dir='ltr'>ipsis,</span> <span class='ocrx_word' id='word_1_203' title='bbox 861 1604 976 1639; x_wconf 88' lang='lat' dir='ltr'>quum</span> <span class='ocrx_word' id='word_1_204' title='bbox 992 1591 1070 1640; x_wconf 88' lang='lat' dir='ltr'>jam</span> <span class='ocrx_word' id='word_1_205' title='bbox 1090 1599 1214 1627; x_wconf 89' lang='lat' dir='ltr'>essent</span> <span class='ocrx_word' id='word_1_206' title='bbox 1231 1591 1383 1636; x_wconf 88' lang='lat' dir='ltr'>adultae,</span> 
     </span>
     <span class='ocr_line' id='line_1_29' title="bbox 209 1644 1384 1693; baseline 0 -13"><span class='ocrx_word' id='word_1_207' title='bbox 209 1644 346 1681; x_wconf 89' lang='lat' dir='ltr'>ferrum</span> <span class='ocrx_word' id='word_1_208' title='bbox 367 1645 523 1681; x_wconf 88' lang='lat' dir='ltr'>removit</span> <span class='ocrx_word' id='word_1_209' title='bbox 541 1645 791 1692; x_wconf 87' lang='lat' dir='ltr'>instituitque,</span> <span class='ocrx_word' id='word_1_210' title='bbox 813 1652 853 1681; x_wconf 93' lang='lat' dir='ltr'>ut</span> <span class='ocrx_word' id='word_1_211' title='bbox 879 1645 1122 1680; x_wconf 88' lang='lat' dir='ltr'>candentibus</span> <span class='ocrx_word' id='word_1_212' title='bbox 1145 1644 1384 1693; x_wconf 84' lang='lat' dir='ltr'>juglandium</span> 
     </span>
    </p>

    <p class='ocr_par' dir='ltr' id='par_1_5' title="bbox 154 1697 1385 2118">
     <span class='ocr_line' id='line_1_30' title="bbox 154 1697 1385 1746; baseline 0 -12"><span class='ocrx_word' id='word_1_213' title='bbox 154 1705 192 1734; x_wconf 89' lang='lat'>59</span> <span class='ocrx_word' id='word_1_214' title='bbox 211 1699 464 1745; x_wconf 87' lang='lat' dir='ltr'>putaminibus</span> <span class='ocrx_word' id='word_1_215' title='bbox 484 1699 634 1734; x_wconf 87' lang='lat' dir='ltr'>barbam</span> <span class='ocrx_word' id='word_1_216' title='bbox 655 1698 774 1734; x_wconf 90' lang='lat' dir='ltr'>sibiet</span> <span class='ocrx_word' id='word_1_217' title='bbox 788 1699 963 1746; x_wconf 87' lang='lat' dir='ltr'>capillum</span> <span class='ocrx_word' id='word_1_218' title='bbox 977 1699 1186 1734; x_wconf 88' lang='lat' dir='ltr'>adurerent.</span> <span class='ocrx_word' id='word_1_219' title='bbox 1235 1697 1385 1736; x_wconf 82' lang='lat' dir='ltr'>Quum-</span> 
     </span>
     <span class='ocr_line' id='line_1_31' title="bbox 210 1750 1383 1799; baseline 0.001 -13"><span class='ocrx_word' id='word_1_220' title='bbox 210 1763 283 1799; x_wconf 92' lang='lat' dir='ltr'>que</span> <span class='ocrx_word' id='word_1_221' title='bbox 315 1752 406 1788; x_wconf 92' lang='lat' dir='ltr'>duas</span> <span class='ocrx_word' id='word_1_222' title='bbox 439 1764 575 1788; x_wconf 87' lang='lat' dir='ltr'>uxores</span> <span class='ocrx_word' id='word_1_223' title='bbox 608 1751 770 1795; x_wconf 87' lang='lat' dir='ltr'>haberet,</span> <span class='ocrx_word' id='word_1_224' title='bbox 802 1750 1083 1787; x_wconf 83' lang='lat' dir='ltr'>Aristomachen</span> <span class='ocrx_word' id='word_1_225' title='bbox 1117 1751 1235 1786; x_wconf 86' lang='lat' dir='ltr'>civem</span> <span class='ocrx_word' id='word_1_226' title='bbox 1266 1763 1383 1795; x_wconf 89' lang='lat' dir='ltr'>suam,</span> 
     </span>
     <span class='ocr_line' id='line_1_32' title="bbox 210 1804 1384 1848; baseline 0 -8"><span class='ocrx_word' id='word_1_227' title='bbox 210 1804 388 1840; x_wconf 90' lang='lat' dir='ltr'>Doridem</span> <span class='ocrx_word' id='word_1_228' title='bbox 409 1812 532 1841; x_wconf 88' lang='lat' dir='ltr'>autem</span> <span class='ocrx_word' id='word_1_229' title='bbox 553 1805 789 1847; x_wconf 89' lang='lat' dir='ltr'>Locrensem,</span> <span class='ocrx_word' id='word_1_230' title='bbox 810 1805 861 1840; x_wconf 90' lang='lat' dir='ltr'>sic</span> <span class='ocrx_word' id='word_1_231' title='bbox 879 1812 992 1840; x_wconf 88' lang='lat' dir='ltr'>noctu</span> <span class='ocrx_word' id='word_1_232' title='bbox 1012 1804 1058 1839; x_wconf 88' lang='lat' dir='ltr'>ad</span> <span class='ocrx_word' id='word_1_233' title='bbox 1086 1816 1147 1839; x_wconf 89' lang='lat' dir='ltr'>eas</span> <span class='ocrx_word' id='word_1_234' title='bbox 1168 1804 1384 1848; x_wconf 84' lang='lat' dir='ltr'>ventitabat,</span> 
     </span>
     <span class='ocr_line' id='line_1_33' title="bbox 209 1857 1384 1906; baseline 0.002 -14"><span class='ocrx_word' id='word_1_235' title='bbox 209 1863 254 1892; x_wconf 89' lang='lat' dir='ltr'>ut</span> <span class='ocrx_word' id='word_1_236' title='bbox 273 1859 397 1893; x_wconf 84' lang='lat' dir='ltr'>onmia</span> <span class='ocrx_word' id='word_1_237' title='bbox 416 1858 670 1905; x_wconf 86' lang='lat' dir='ltr'>specularetur</span> <span class='ocrx_word' id='word_1_238' title='bbox 688 1865 724 1893; x_wconf 94' lang='lat' dir='ltr'>et</span> <span class='ocrx_word' id='word_1_239' title='bbox 743 1864 1034 1906; x_wconf 88' lang='lat' dir='ltr'>perscrutaretur</span> <span class='ocrx_word' id='word_1_240' title='bbox 1052 1865 1148 1893; x_wconf 85' lang='lat' dir='ltr'>ante.</span> <span class='ocrx_word' id='word_1_241' title='bbox 1207 1857 1384 1906; x_wconf 89' lang='lat' dir='ltr'>thuum</span> 
     </span>
     <span class='ocr_line' id='line_1_34' title="bbox 209 1910 1385 1958; baseline 0 -12"><span class='ocrx_word' id='word_1_242' title='bbox 209 1910 344 1946; x_wconf 88' lang='lat' dir='ltr'>fossam</span> <span class='ocrx_word' id='word_1_243' title='bbox 375 1911 487 1946; x_wconf 88' lang='lat' dir='ltr'>latam</span> <span class='ocrx_word' id='word_1_244' title='bbox 524 1911 726 1947; x_wconf 85' lang='lat' dir='ltr'>cubiculari</span> <span class='ocrx_word' id='word_1_245' title='bbox 762 1911 857 1947; x_wconf 86' lang='lat' dir='ltr'>lecto</span> <span class='ocrx_word' id='word_1_246' title='bbox 893 1911 1194 1946; x_wconf 85' lang='lat' dir='ltr'>circumdedisset</span> <span class='ocrx_word' id='word_1_247' title='bbox 1230 1910 1385 1958; x_wconf 85' lang='lat' dir='ltr'>ejusque</span> 
     </span>
     <span class='ocr_line' id='line_1_35' title="bbox 209 1963 1384 2012; baseline 0 -13"><span class='ocrx_word' id='word_1_248' title='bbox 209 1963 319 1999; x_wconf 82' lang='lat' dir='ltr'>fossae</span> <span class='ocrx_word' id='word_1_249' title='bbox 356 1964 550 1999; x_wconf 88' lang='lat' dir='ltr'>transitum</span> <span class='ocrx_word' id='word_1_250' title='bbox 592 1964 784 2012; x_wconf 90' lang='lat' dir='ltr'>ponticulo</span> <span class='ocrx_word' id='word_1_251' title='bbox 828 1964 951 2012; x_wconf 87' lang='lat' dir='ltr'>ligneo</span> <span class='ocrx_word' id='word_1_252' title='bbox 995 1964 1262 2012; x_wconf 84' lang='lat' dir='ltr'>conjunxisset,</span> <span class='ocrx_word' id='word_1_253' title='bbox 1299 1975 1384 1999; x_wconf 91' lang='lat' dir='ltr'>eum</span> 
     </span>
     <span class='ocr_line' id='line_1_36' title="bbox 209 2016 1382 2064; baseline 0 -12"><span class='ocrx_word' id='word_1_254' title='bbox 209 2016 344 2064; x_wconf 88' lang='lat' dir='ltr'>ipsum,</span> <span class='ocrx_word' id='word_1_255' title='bbox 383 2029 501 2064; x_wconf 89' lang='lat' dir='ltr'>quum</span> <span class='ocrx_word' id='word_1_256' title='bbox 536 2017 651 2052; x_wconf 87' lang='lat' dir='ltr'>forem</span> <span class='ocrx_word' id='word_1_257' title='bbox 689 2017 850 2059; x_wconf 87' lang='lat' dir='ltr'>cubiculi</span> <span class='ocrx_word' id='word_1_258' title='bbox 895 2017 1088 2060; x_wconf 84' lang='lat' dir='ltr'>clauserat,</span> <span class='ocrx_word' id='word_1_259' title='bbox 1126 2017 1382 2064; x_wconf 87' lang='lat' dir='ltr'>detorquebat.</span> 
     </span>
     <span class='ocr_line' id='line_1_37' title="bbox 211 2069 1385 2118; baseline -0.001 -13"><span class='ocrx_word' id='word_1_260' title='bbox 211 2069 391 2118; x_wconf 88' lang='lat' dir='ltr'>Idemque</span> <span class='ocrx_word' id='word_1_261' title='bbox 410 2082 525 2117; x_wconf 90' lang='lat' dir='ltr'>quum</span> <span class='ocrx_word' id='word_1_262' title='bbox 546 2070 581 2105; x_wconf 89' lang='lat' dir='ltr'>in</span> <span class='ocrx_word' id='word_1_263' title='bbox 604 2071 863 2106; x_wconf 89' lang='lat' dir='ltr'>communibus</span> <span class='ocrx_word' id='word_1_264' title='bbox 887 2070 1070 2118; x_wconf 84' lang='lat' dir='ltr'>suggestis</span> <span class='ocrx_word' id='word_1_265' title='bbox 1095 2069 1291 2105; x_wconf 88' lang='lat' dir='ltr'>consistere</span> <span class='ocrx_word' id='word_1_266' title='bbox 1311 2081 1385 2105; x_wconf 88' lang='lat' dir='ltr'>non</span> 
     </span>
    </p>

    <p class='ocr_par' dir='ltr' id='par_1_6' title="bbox 153 2122 1386 2436">
     <span class='ocr_line' id='line_1_38' title="bbox 153 2122 1385 2169; baseline -0.001 -11"><span class='ocrx_word' id='word_1_267' title='bbox 153 2128 193 2157; x_wconf 90' lang='grc'>60</span> <span class='ocrx_word' id='word_1_268' title='bbox 210 2123 373 2167; x_wconf 88' lang='lat' dir='ltr'>auderet,</span> <span class='ocrx_word' id='word_1_269' title='bbox 387 2123 589 2158; x_wconf 85' lang='lat' dir='ltr'>contionari</span> <span class='ocrx_word' id='word_1_270' title='bbox 603 2136 650 2158; x_wconf 88' lang='lat' dir='ltr'>ex</span> <span class='ocrx_word' id='word_1_271' title='bbox 673 2124 762 2159; x_wconf 89' lang='lat' dir='ltr'>turri</span> <span class='ocrx_word' id='word_1_272' title='bbox 782 2124 857 2159; x_wconf 84' lang='lat' dir='ltr'>alta</span> <span class='ocrx_word' id='word_1_273' title='bbox 875 2123 1030 2160; x_wconf 79' lang='lat' dir='ltr'>solebat.</span> <span class='ocrx_word' id='word_1_274' title='bbox 1077 2122 1202 2169; x_wconf 91' lang='lat' dir='ltr'>Atque</span> <span class='ocrx_word' id='word_1_275' title='bbox 1217 2122 1248 2157; x_wconf 85' lang='lat' dir='ltr'>is</span> <span class='ocrx_word' id='word_1_276' title='bbox 1267 2134 1315 2169; x_wconf 93' lang='lat' dir='ltr'>qu</span> <span class='ocrx_word' id='word_1_277' title='bbox 1324 2135 1385 2169; x_wconf 74' lang='lat' dir='ltr'>um</span> 
     </span>
     <span class='ocr_line' id='line_1_39' title="bbox 210 2173 1386 2223; baseline 0 -13"><span class='ocrx_word' id='word_1_278' title='bbox 210 2176 285 2222; x_wconf 82' lang='lat' dir='ltr'>pila</span> <span class='ocrx_word' id='word_1_279' title='bbox 296 2177 423 2212; x_wconf 89' lang='lat' dir='ltr'>ludere</span> <span class='ocrx_word' id='word_1_280' title='bbox 436 2176 549 2212; x_wconf 89' lang='lat' dir='ltr'>vellet</span> <span class='ocrx_word' id='word_1_281' title='bbox 563 2175 746 2223; x_wconf 90' lang='lat' dir='ltr'>(studiose</span> <span class='ocrx_word' id='word_1_282' title='bbox 759 2177 858 2212; x_wconf 90' lang='lat' dir='ltr'>enim</span> <span class='ocrx_word' id='word_1_283' title='bbox 872 2177 907 2212; x_wconf 89' lang='lat' dir='ltr'>id</span> <span class='ocrx_word' id='word_1_284' title='bbox 922 2173 1128 2222; x_wconf 86' lang='lat' dir='ltr'>factitabat)</span> <span class='ocrx_word' id='word_1_285' title='bbox 1148 2175 1386 2222; x_wconf 89' lang='lat' dir='ltr'>tunicamque</span> 
     </span>
     <span class='ocr_line' id='line_1_40' title="bbox 208 2227 1385 2276; baseline 0.001 -13"><span class='ocrx_word' id='word_1_286' title='bbox 208 2237 373 2275; x_wconf 89' lang='lat' dir='ltr'>poneret,</span> <span class='ocrx_word' id='word_1_287' title='bbox 393 2229 680 2271; x_wconf 87' lang='lat' dir='ltr'>adolescentulo,</span> <span class='ocrx_word' id='word_1_288' title='bbox 700 2242 811 2276; x_wconf 90' lang='lat' dir='ltr'>quem</span> <span class='ocrx_word' id='word_1_289' title='bbox 832 2229 989 2272; x_wconf 87' lang='lat' dir='ltr'>amabat,</span> <span class='ocrx_word' id='word_1_290' title='bbox 1011 2228 1201 2264; x_wconf 88' lang='lat' dir='ltr'>tradidisse</span> <span class='ocrx_word' id='word_1_291' title='bbox 1220 2227 1385 2275; x_wconf 84' lang='lat' dir='ltr'>gladium</span> 
     </span>
     <span class='ocr_line' id='line_1_41' title="bbox 209 2281 1383 2330; baseline 0.002 -15"><span class='ocrx_word' id='word_1_292' title='bbox 209 2281 356 2317; x_wconf 88' lang='lat' dir='ltr'>dicitur.</span> <span class='ocrx_word' id='word_1_293' title='bbox 417 2282 488 2318; x_wconf 90' lang='lat' dir='ltr'>Hic</span> <span class='ocrx_word' id='word_1_294' title='bbox 514 2295 629 2330; x_wconf 91' lang='lat' dir='ltr'>quum</span> <span class='ocrx_word' id='word_1_295' title='bbox 649 2282 799 2329; x_wconf 88' lang='lat' dir='ltr'>quidam</span> <span class='ocrx_word' id='word_1_296' title='bbox 829 2281 1017 2318; x_wconf 83' lang='lat' dir='ltr'>familiaris</span> <span class='ocrx_word' id='word_1_297' title='bbox 1040 2281 1170 2329; x_wconf 88' lang='lat' dir='ltr'>jocans</span> <span class='ocrx_word' id='word_1_298' title='bbox 1199 2281 1383 2318; x_wconf 86' lang='lat' dir='ltr'>dixisset:</span> 
     </span>
     <span class='ocr_line' id='line_1_42' title="bbox 210 2332 1384 2383; baseline 0.001 -14"><span class='ocrx_word' id='word_1_299' title='bbox 210 2332 312 2370; x_wconf 84' lang='lat' dir='ltr'>Huic</span> <span class='ocrx_word' id='word_1_300' title='bbox 344 2336 484 2383; x_wconf 78' lang='lat' dir='ltr'>quidem</span> <span class='ocrx_word' id='word_1_301' title='bbox 517 2341 613 2371; x_wconf 79' lang='lat' dir='ltr'>certe</span> <span class='ocrx_word' id='word_1_302' title='bbox 643 2336 751 2370; x_wconf 81' lang='lat' dir='ltr'>vitam</span> <span class='ocrx_word' id='word_1_303' title='bbox 780 2341 874 2371; x_wconf 83' lang='lat' dir='ltr'>tuam</span> <span class='ocrx_word' id='word_1_304' title='bbox 905 2335 1101 2375; x_wconf 75' lang='lat' dir='ltr'>committis,</span> <span class='ocrx_word' id='word_1_305' title='bbox 1131 2334 1384 2382; x_wconf 81' lang='lat' dir='ltr'>arrisissetque</span> 
     </span>
     <span class='ocr_line' id='line_1_43' title="bbox 209 2386 1385 2436; baseline 0.001 -14"><span class='ocrx_word' id='word_1_306' title='bbox 209 2386 435 2431; x_wconf 82' lang='lat' dir='ltr'>adolescens,</span> <span class='ocrx_word' id='word_1_307' title='bbox 455 2395 655 2436; x_wconf 90' lang='lat' dir='ltr'>utrumque</span> <span class='ocrx_word' id='word_1_308' title='bbox 669 2387 783 2436; x_wconf 88' lang='lat' dir='ltr'>jussit</span> <span class='ocrx_word' id='word_1_309' title='bbox 801 2388 969 2432; x_wconf 86' lang='lat' dir='ltr'>interfici,</span> <span class='ocrx_word' id='word_1_310' title='bbox 991 2387 1161 2431; x_wconf 89' lang='lat' dir='ltr'>alterum,</span> <span class='ocrx_word' id='word_1_311' title='bbox 1182 2387 1269 2434; x_wconf 87' lang='lat' dir='ltr'>quia</span> <span class='ocrx_word' id='word_1_312' title='bbox 1287 2387 1385 2423; x_wconf 88' lang='lat' dir='ltr'>viam</span> 
     </span>
    </p>
   </div>
  </div>
 </body>
</html>
