1471 2585
193 100 240 134 12
519 108 724 134 Tuscum-N
753 107 1048 134 msrurAnons.
1174 93 1365 145 [33—37.

130 211 170 240 33
189 199 307 248 patria
318 200 448 237 offeret
458 200 505 236 ad
520 205 690 236 mortem.
738 199 864 236 Licuit
878 211 958 235 esse
975 198 1094 235 otioso
1110 198 1367 244 Themistocli,

129 635 171 665 34

130 1435 168 1464 35

131 1913 171 1943 36

189 253 296 290 licuit
316 253 602 302 Epaminondae,
620 252 736 297 licuit,
758 265 804 288 ne
823 259 861 289 et
880 259 1003 288 vetera
1021 259 1059 288 et
1086 259 1241 289 externa
1259 265 1366 301 quae-

187 319 278 350 ram,
299 307 411 351 mihi;
443 307 519 349 sed,
539 306 662 342 nescio
688 319 762 354 quo
788 307 911 350 modo,
931 306 1088 342 inhaeret
1112 306 1151 341 in
1178 306 1366 343 mentibus

189 360 294 408 quasi
315 361 522 396 seculorum
544 360 732 408 quoddam
748 359 944 408 augurium
959 358 1180 403 futurorum,
1196 359 1310 408 idque
1326 360 1365 396 in

188 413 363 449 maximis
383 413 540 460 ingeniis
560 413 823 461 altissimisque
835 412 967 448 animis
986 419 1022 447 et
1041 412 1188 448 exsistit
1202 413 1367 449 maxime

188 472 227 502 et
255 473 408 514 apparet
437 466 622 502 facillime.
681 466 766 504 Quo
800 465 951 514 quidem
979 466 1142 514 dempto,
1174 467 1256 513 quis
1291 473 1366 502 tam

189 527 286 555 esset
318 532 457 564 amens,
480 519 543 567 qui
577 532 721 568 semper
752 519 791 555 iu
823 519 1012 555 laboribus
1045 526 1082 554 et
1109 519 1281 567 periculis
1310 519 1366 555 vi-

187 581 290 609 veret
303 571 318 607 ’ἐ

241 626 394 674 Loquor
429 626 474 662 de
513 625 762 674 principibus3
805 625 896 673 quid
932 624 1084 674 poetae?
1125 637 1247 662 nonne
1282 631 1368 675 post

188 686 345 716 mortem
364 679 551 716 nobilitari
571 679 732 715 volunt?
763 679 864 715 unde
883 691 970 727 ergo
989 679 1084 714 illud
1100 678 1114 714 ’ξ

357 772 536 811 Adspicite,
551 782 569 802 o
585 771 682 810 cives,
697 770 783 801 senis
800 770 884 801 Enni
899 770 1048 811 imaginis
1064 771 1211 803 formam.

402 814 465 845 Hic
481 818 628 845 vostrum
644 814 758 855 panxit
773 823 928 845 maxuma
942 814 1029 844 facta
1045 818 1184 854 patrum.

188 901 398 938 Mercedem
418 902 546 951 gloriae
566 901 709 950 flagitat
727 902 773 938 ab
792 901 850 947 iis,
871 914 1029 950 quorum
1048 909 1170 950 patres
1199 901 1369 938 affecerat

186 955 328 1004 gloria3
360 956 560 1004 idemque:

359 1039 463 1070 Nemo
478 1049 530 1069 me
546 1039 699 1070 lacrumis
714 1039 844 1070 decoret
859 1049 918 1070 nec
933 1038 1049 1070 funera
1063 1040 1142 1070 fletu

310 1094 327 1110 ο
402 1082 509 1113 Faxit.
554 1083 620 1113 Cur
635 1084 645 1113 ’ἐ
669 1082 767 1113 volito
782 1082 878 1113 vivus
892 1093 951 1123 per
966 1093 1022 1113 ora
1038 1083 1155 1113 virum.

189 1160 263 1196 Sed
281 1161 371 1208 quid
390 1163 519 1208 poetas
534 1160 548 1196 ’ἶ
571 1161 735 1208 Opifices
749 1165 834 1208 post
848 1166 1002 1196 mortem
1020 1160 1207 1197 nobilitari
1222 1161 1368 1198 volunt.

188 1213 292 1252 Quid
304 1214 402 1249 enim
420 1214 571 1249 Phidias
591 1214 650 1249 sui
669 1214 827 1249 similem
844 1213 1003 1261 speciem
1018 1213 1170 1250 inclusit
1184 1213 1220 1249 in
1237 1214 1369 1263 clypeo

189 1267 388 1310 Minervae,
421 1279 538 1314 quum
571 1267 768 1303 inscribere
799 1279 874 1302 non
907 1266 1060 1302 liceret?
1118 1267 1220 1305 Quid
1253 1267 1370 1304 nostri

187 1319 427 1369 philosophi?
458 1333 581 1355 nonne
610 1321 649 1355 in
678 1321 734 1356 his
762 1320 864 1356 libris
885 1320 985 1367 ipsis,
1006 1332 1100 1367 quos
1129 1321 1296 1357 scribunt
1323 1321 1369 1357 de

188 1374 460 1409 contemnenda
478 1373 606 1419 gloria,
627 1385 697 1408 sua
717 1373 867 1409 nomina
884 1373 1093 1409 inscribunt
1108 1373 1122 1409 ’ἰ

241 1426 389 1464 Quodsi
409 1426 574 1462 omnium
596 1438 798 1462 consensus
817 1433 961 1462 naturae
974 1438 1049 1462 vox
1067 1435 1134 1469 est,
1152 1422 1389 1476 omnesque,x

188 1480 252 1527 qui
273 1480 411 1527 ubique
433 1487 532 1522 sunt,
553 1480 803 1523 consentiunt,
825 1491 904 1515 esse
928 1479 1081 1527 aliquid,
1102 1481 1205 1528 quod
1232 1480 1279 1516 ad
1307 1493 1370 1517 eos

187 1532 380 1581 pertineat,
402 1533 467 1580 qui
487 1533 562 1568 vita
581 1533 779 1569 cesserint:
810 1533 916 1569 nobis
943 1545 1093 1580 quoque
1118 1533 1217 1569 idem
1237 1533 1370 1569 existi-

188 1586 366 1622 mandum
396 1593 464 1621 est.
523 1586 574 1621 Et
603 1586 646 1629 si,
674 1598 831 1633 quorum
861 1592 926 1622 aut
955 1587 1104 1634 ingenio
1137 1594 1202 1623 aut
1234 1586 1371 1623 virtute

188 1640 333 1675 animus
366 1639 530 1682 excellit,
561 1651 622 1674 eos
652 1639 922 1682 arbitrabimur,
955 1639 1044 1687 quia
1070 1647 1201 1675 natura
1230 1640 1372 1688 optima

189 1693 274 1736 sint,
314 1705 461 1728 cernere
498 1699 640 1728 naturae
677 1693 753 1728 vim
796 1692 982 1730 maxime:
1032 1693 1106 1728 veri
1143 1693 1264 1729 simile
1300 1699 1369 1738 est,

189 1757 304 1794 quum
348 1746 512 1793 optimus
556 1746 715 1794 quisque
759 1747 923 1782 maxime
966 1746 1173 1794 posteritati
1222 1746 1368 1790 serviat,

189 1812 269 1834 esse
300 1799 453 1846 aliquid,
484 1799 593 1848 cujus
623 1799 654 1835 is
689 1807 771 1848 post
804 1807 959 1836 mortem
994 1811 1144 1835 sensum
1177 1799 1226 1835 sit
1261 1799 1368 1836 habi-

190 1859 310 1888 turuS.

242 1904 352 1940 XVI.
385 1905 457 1940 Sed
478 1912 520 1940 ut
548 1906 636 1941 deos
667 1918 747 1941 esse
775 1912 906 1942 natura
927 1905 1136 1954 opinamur,
1165 1906 1369 1954 qualesque

190 1959 276 2002 sint,
307 1958 447 1993 ratione
467 1959 748 2006 cognoscimus:
779 1959 830 1995 sic
858 1971 1071 2007 permanere
1099 1958 1242 1995 animos
1269 1959 1369 1995 arbi-

189 2018 329 2048 tramur
341 2023 521 2047 consensu
535 2011 727 2047 nationum
740 2013 930 2059 =omnium3
947 2025 1020 2060 qua
1032 2012 1070 2048 in
1083 2012 1168 2048 sede
1182 2018 1368 2056 maneant,

189 2065 392 2113 qualesque
412 2064 498 2107 sint,
519 2064 659 2100 ratione
679 2065 895 2101 discendum
915 2072 983 2102 est.
1041 2065 1160 2113 Cujus
1188 2065 1369 2113 ignoratio

190 2118 304 2154 finxit
321 2118 454 2153 inferos
474 2129 608 2164 easque
629 2118 855 2162 formidines,
877 2131 968 2166 quas
988 2125 1029 2154 tu
1042 2126 1275 2154 contemnere
1294 2130 1368 2154 non

191 2171 269 2207 sine
289 2183 417 2206 caussa
438 2170 622 2206 videbare.
671 2171 716 2206 In
737 2179 867 2207 terram
889 2172 986 2207 enim
1007 2171 1223 2207 cadentibus
1239 2183 1369 2219 corpo·

191 2224 305 2267 ribus,
327 2224 445 2271 iisque
465 2224 579 2259 humo
600 2224 718 2267 tectis,
738 2237 757 2260 e
777 2236 851 2272 quo
871 2225 1010 2260 dictum
1041 2230 1096 2260 est
1124 2224 1277 2267 humari,
1299 2224 1369 2260 sub

191 2283 286 2313 terra
306 2278 508 2312 censebant
528 2277 705 2324 reliquam
728 2277 840 2312 vitam
859 2278 918 2326 agi
941 2284 1186 2313 mortuorum.
1245 2277 1368 2315 Quam

191 2343 317 2366 eorum
348 2330 558 2378 opinionem
587 2331 712 2378 magni
749 2343 886 2366 errores
923 2330 1112 2367 consecuti
1145 2336 1243 2374 sunt,
1275 2342 1369 2378 quos

134 2389 173 2422 37
192 2390 380 2420 auxerunt
399 2386 536 2430 po'etae.
595 2383 784 2431 Frequens
814 2384 911 2420 enim
940 2395 1136 2420 consessus
1165 2383 1309 2428 theatri,
1329 2383 1368 2419 in
