1471 2585
127 235 164 264 36

126 712 164 744 37

120 1457 158 1487 38

189 71 263 105 130
507 81 712 106 TUSCULAN
742 81 1039 107 DISPUTATIONS.
1176 68 1364 119 [36—39.

183 182 291 212 turne
310 188 457 212 omnem
477 176 537 212 hic
556 177 704 212 beatam
723 176 836 212 vitam
861 176 899 212 in
928 188 1004 212 una
1031 176 1170 212 virtute
1198 176 1364 224 ponere?

186 229 288 268 Quid
308 229 422 265 vero?
452 229 490 265 in
527 229 726 277 Epitaphio
757 242 832 277 quo
864 230 975 266 modo
1005 230 1130 265 idem?
1188 230 1284 266 Nam
1306 229 1366 266 cui

183 282 274 325 viro,
294 282 428 330 inquit,
450 295 496 317 ex
518 295 556 317 se
576 282 656 330 ipso
683 289 769 330 apta
797 289 886 318 sunt
913 283 1048 326 omnia,
1068 295 1155 330 quae
1185 283 1231 318 ad
1259 284 1367 319 beate

185 335 385 371 vivendum
415 335 549 378 ferunt,
571 347 638 371 nec
669 348 849 383 suspensa
876 335 1033 371 aliorum
1061 344 1126 371 aut
1154 337 1251 371 bono
1277 348 1365 372 casu

183 394 249 424 aut
268 388 450 424 contrario
471 389 629 435 pendere
645 401 693 424 ex
707 388 858 424 alterius
873 389 1016 424 eventis
1036 396 1072 425 et
1091 401 1208 424 errare
1223 402 1365 438 cogun-

184 448 255 485 tur„
276 441 362 477 huie
382 441 520 489 optime
551 441 699 478 vivendi
726 442 819 477 ratio
848 449 1057 490 comparata
1080 449 1147 478 est.
1208 442 1281 478 Hic
1309 451 1366 479 est

183 493 246 529 ille
266 495 489 538 moderatus,
510 495 569 530 hic
590 494 706 538 fortis,
725 494 784 530 hic
805 495 963 543 sapiens,
984 495 1043 531 hic
1062 502 1098 531 et
1125 496 1364 532 nascentibus

184 553 221 583 et
253 548 472 584 cadentibus
499 560 615 596 quum
647 548 798 595 reliquis
836 548 1050 591 commodis,
1082 555 1160 584 tum
1201 548 1363 585 maxime

183 599 320 643 liberis,
353 601 496 648 parebit
527 608 564 637 et
596 601 743 637 obediet
772 610 958 649 praecepto
990 601 1045 637 illi
1074 602 1211 645 veteri3
1242 614 1363 649 neque

184 653 282 688 enim
300 654 492 690 laetabitur
507 666 684 702 umquam
703 666 769 690 nec
785 655 956 690 maerebit
968 654 1088 697 nimis,
1103 655 1203 702 quod
1220 667 1364 702 semper

183 705 221 742 in
242 719 279 742 se
298 707 379 754 ipso
398 719 545 742 omnem
565 720 669 755 spem
689 715 842 755 reponet
857 707 926 743 sui.
984 707 1046 743 Ex
1062 707 1131 743 hoe
1147 707 1259 755 igitur
1275 707 1362 743 Pla-

183 759 280 795 tonis
299 760 405 808 quasi
425 761 584 807 quodam
600 767 727 796 sancto
743 768 976 809 augustoque
990 761 1090 796 fonte
1104 768 1229 796 nostra
1242 761 1363 797 omnis

181 813 348 849 manabit
365 814 492 849 oratio.

235 865 354 902 XIII.
387 866 498 902 Unde
527 867 640 915 igitur
671 866 780 902 ordiri
809 867 943 902 rectius
972 879 1170 915 possumus
1201 879 1311 914 quam
1341 879 1364 904 a

181 919 370 955 communi
399 928 551 967 parente
584 920 746 955 natura?
777 932 862 968 quae
899 920 1078 968 quicquid
1115 920 1256 968 genuit,
1287 932 1362 956 non

179 972 292 1007 modo
311 973 459 1015 animal,
481 974 544 1008 sed
565 973 675 1008 etiam
696 974 797 1020 quod
816 973 867 1008 ita
886 980 983 1009 esset
1002 981 1125 1009 ortum
1153 986 1172 1008 e
1193 981 1299 1016 terra,
1319 980 1363 1009 ut

180 1024 357 1073 stirpibus
378 1026 453 1061 suis
474 1026 662 1069 niteretur,
676 1026 713 1062 in
735 1039 802 1062 suo
821 1026 986 1074 quidque
1007 1039 1140 1075 genere
1160 1026 1362 1074 perfectum

179 1090 259 1114 esse
281 1078 411 1114 voluit.
469 1079 602 1127 Itaque
622 1087 658 1115 et
677 1079 824 1115 arbores
844 1086 880 1115 et
907 1080 1000 1115 vites
1029 1087 1065 1115 et
1093 1092 1146 1123 ea,
1168 1092 1256 1127 quae
1274 1086 1363 1116 sunt

178 1130 376 1167 humiliora
404 1144 524 1180 neque
556 1145 594 1167 se
624 1133 753 1168 tollere
783 1145 804 1168 a
836 1138 931 1168 terra
959 1133 1070 1169 altius
1099 1140 1269 1180 possunt,
1289 1132 1362 1169 alia

179 1195 325 1233 semper
344 1186 475 1229 virent,
491 1186 561 1221 alia
579 1185 700 1221 hieme
712 1186 851 1221 nudata
869 1198 980 1221 verno
997 1194 1161 1234 tempore
1181 1185 1362 1233 tepefacta

176 1236 440 1283 frondescunt3
472 1251 592 1286 neque
613 1245 669 1274 est
689 1238 819 1282 ullum,
840 1239 940 1286 quod
960 1251 1035 1274 non
1055 1239 1105 1274 ita
1125 1239 1248 1286 vigeat
1266 1238 1360 1275 inte-

176 1290 270 1326 riore
290 1292 451 1339 quodam
473 1300 577 1327 motu
597 1298 634 1327 et
653 1291 729 1327 suis
747 1292 785 1327 in
805 1303 956 1339 quoque
976 1292 1178 1327 seminibus
1194 1291 1359 1336 inclusis,

176 1351 221 1379 ut
249 1352 314 1380 aut
342 1345 451 1380 fiores
482 1352 546 1380 aut
576 1344 699 1392 fruges
718 1344 851 1380 fundat
868 1352 932 1380 aut
951 1345 1072 1387 bacas,
1093 1344 1291 1392 omniaque
1320 1345 1360 1381 in

177 1397 363 1440 omnibus,
385 1405 567 1445 quantum
586 1397 623 1432 in
644 1398 733 1445 ipsis
753 1397 811 1439 sit,
831 1397 936 1433 nulla
954 1397 991 1432 vi
1017 1397 1254 1445 impediente,
1275 1410 1359 1446 per-

175 1449 272 1485 fecta
290 1451 377 1486 sint.
427 1450 589 1486 Facilius
605 1462 692 1485 vero
713 1450 820 1486 etiam
841 1451 878 1486 in
897 1450 1037 1495 bestiis,
1054 1451 1155 1498 quod
1168 1451 1211 1486 iis
1228 1463 1359 1487 sensus

176 1514 198 1537 a
229 1509 362 1539 natura
391 1510 448 1539 est
477 1504 597 1546 datm,
625 1503 681 1538 vis
711 1503 827 1551 ipsius
857 1510 1001 1539 naturae
1034 1503 1192 1552 perspici
1222 1510 1356 1552 potest.

177 1555 351 1603 Namque
371 1556 460 1592 alias
479 1557 616 1592 bestias
635 1564 766 1592 nantes
781 1568 959 1604 aquarum
978 1557 1116 1592 incolas
1130 1569 1209 1593 esse
1225 1557 1356 1601 voluit,

176 1608 266 1644 alias
287 1609 455 1645 volucres
475 1609 566 1646 caelo
585 1609 656 1645 frui
674 1609 801 1654 libero,
824 1617 1011 1658 serpentes
1031 1610 1223 1657 quasdam,
1244 1622 1357 1658 quas-

176 1661 258 1697 dam
290 1675 369 1698 esse
397 1663 618 1710 gradienteS‚
643 1675 769 1698 earum
798 1663 961 1710 ipsarum
997 1663 1129 1710 partim
1159 1663 1356 1711 solivagas,

176 1715 308 1762 pax-tim
319 1723 570 1764 congregatas,
580 1716 760 1751 immanes
768 1716 869 1760 alias,
879 1717 1057 1764 quasdam
1067 1725 1189 1751 autem
1202 1716 1356 1758 cicures,

176 1768 377 1804 nonnullas
389 1770 533 1805 abditas
555 1776 725 1817 terraque
738 1775 866 1805 tectas.
904 1770 1031 1816 Atque
1051 1781 1174 1805 earum
1193 1781 1356 1817 quaeque

177 1833 286 1856 suum
316 1829 446 1857 tenens
467 1834 617 1865 munus,
639 1834 755 1869 quum
776 1822 812 1857 in
833 1822 990 1869 disparis
1018 1822 1215 1858 animantis
1242 1822 1356 1858 vitam

176 1874 329 1909 transire
349 1886 422 1909 non
445 1875 571 1922 possit,
593 1883 718 1911 manet
736 1875 772 1910 in
793 1875 874 1923 lege
894 1882 1050 1911 naturae.

230 1927 281 1963 Et
300 1934 343 1962 ut
363 1928 491 1963 bestiis
511 1928 609 1963 aliud
634 1928 696 1964 alii
725 1929 901 1976 praecipui
921 1941 942 1964 a
969 1936 1101 1964 natura
1129 1928 1257 1964 datum
1286 1937 1353 1972 est,

176 1980 276 2027 quod
297 1992 407 2016 snum
425 1993 586 2028 quaeque
602 1982 735 2016 retinet
749 1994 815 2017 nec
833 1981 987 2017 discedit
1002 1981 1047 2017 ab
1061 1994 1103 2017 eo
1119 1994 1126 2017 :
1149 1981 1200 2016 sic
1214 1981 1354 2017 homini

176 2033 295 2069 multo
315 2033 490 2081 quiddam
519 2034 779 2081 praestantius}
811 2035 879 2070 etsi
908 2034 1123 2082 praestantia
1150 2034 1285 2070 debent
1312 2045 1355 2069 ea

176 2085 259 2128 diei,
298 2099 384 2134 quae
422 2086 560 2122 habent
594 2086 756 2134 aliquam
793 2089 1128 2135 comparationem3
1167 2086 1352 2122 humanus

175 2146 298 2174 autem
319 2141 464 2175 animus
484 2140 678 2187 decerptus
697 2152 745 2175 ex
766 2148 889 2176 mente
908 2140 1034 2176 divina
1053 2152 1136 2176 cuni
1157 2139 1228 2174 alio
1249 2139 1353 2175 nullo

175 2190 246 2226 nisi
266 2203 349 2227 cum
370 2193 450 2240 ipso
470 2193 551 2235 deo,
573 2193 602 2227 si
621 2192 690 2228 hoc
710 2193 764 2228 fas
785 2200 841 2228 est
859 2193 972 2236 dictu,
994 2192 1196 2240 comparari
1215 2198 1350 2240 potest.

117 2252 157 2282 39
178 2243 251 2279 Hic
271 2244 383 2292 igitur
401 2246 429 2280 si
449 2252 505 2280 est
524 2245 698 2281 excultus
717 2253 753 2281 et
783 2246 811 2280 si
841 2245 921 2294 ejus
948 2245 1043 2282 acies
1072 2246 1121 2280 ita
1140 2251 1265 2280 curata
1283 2252 1352 2288 est,

174 2303 217 2332 ut
237 2309 281 2332 ne
303 2305 503 2334 caecaretur
521 2299 715 2340 erroribus,
735 2298 777 2334 fit
796 2299 956 2346 perfecta
975 2310 1090 2340 mens,
1111 2297 1148 2332 id
1168 2304 1225 2333 est
1242 2297 1351 2333 abso-

173 2349 254 2386 luta
273 2350 376 2393 ratio,
398 2351 498 2398 quod
528 2358 584 2387 est
611 2351 709 2388 idem
735 2351 865 2388 virtus.
925 2352 976 2388 Et
1004 2351 1034 2387 si
1063 2362 1172 2386 omne
1203 2351 1352 2387 beatum
