1471 2585
86 94 278 147 71—73.]
439 108 545 133 BOOK
575 108 627 133 xv.
650 108 768 133 CHAP.
791 98 961 133 32—34.
1199 99 1271 134 115

87 202 289 242 amicitiae?
319 216 383 239 cur
399 215 521 251 neque
550 202 752 239 deformem
781 203 1054 239 adolescentem
1074 203 1273 251 quisquam

56 295 59 297 ,
89 265 188 294 amat
220 270 342 305 neque
369 256 574 293 formosum
604 256 760 292 senem?
820 256 914 292 Mihi
945 257 1095 305 quidem
1126 258 1206 294 haec
1236 258 1273 293 in

90 311 306 347 Graecorum
326 310 531 359 gymnasiis
549 316 635 345 nata
652 311 884 346 consuetudo
905 310 1061 354 videtur,
1078 311 1114 346 in
1136 311 1274 358 quibus

88 365 150 401 isti
166 364 270 400 liberi
289 370 327 399 et
346 364 509 399 concessi
529 370 618 399 sunt
636 375 793 399 amores.
851 363 952 399 Bene
972 377 1058 412 ergo
1079 364 1246 401 Ennius:

215 432 335 473 Flagiti
350 432 546 472 principium
562 436 612 462 est
625 432 751 462 nudare
766 433 853 462 inter
868 432 955 462 cives
971 435 1117 472 corpora.

89 493 167 534 Qui
186 500 230 530 ut
244 495 328 538 sint,
344 494 444 542 quod
464 494 542 530 fieri
557 506 665 542 posse
677 493 799 538 video,
816 493 964 542 pudici:
986 494 1134 530 solliciti
1147 500 1272 531 tamen

88 555 125 584 et
150 548 254 584 anxii
284 555 382 592 sunt,
403 560 522 595 eoque
551 548 680 596 magis,
702 548 805 595 quod
838 560 875 583 se
907 548 977 596 ipsi
1011 549 1203 584 continent
1235 555 1272 584 et

85 608 270 638 coercent.
328 602 467 649 Atque,
488 607 531 637 ut
550 601 749 637 muliebres
768 613 910 637 amores
930 601 1112 645 omittam,
1134 602 1270 650 quibus
1290 611 1327 644 71

85 655 263 704 majorem
290 654 479 691 licentiam
507 661 639 690 natura
667 654 860 697 concessit,
881 654 964 702 quis
990 662 1054 691 aut
1074 656 1119 691 de
1139 656 1270 704 Gany-

85 709 185 744 medi
197 715 307 757 raptu
326 708 484 752 dubitat,
502 708 590 756 quid
607 714 728 756 poetae
750 708 866 744 velint
881 708 895 743 ’.Ι
917 714 982 744 aut
996 721 1070 744 non
1083 709 1272 757 intelligit,

87 762 178 810 quid
198 763 297 810 apud
319 761 536 810 Euripidem
557 767 592 797 et
612 762 788 809 loquatur
806 768 843 797 et
863 761 989 809 cupiat
1008 762 1151 798 Laius?
1181 763 1274 810 quid

87 816 248 864 denique
268 815 436 851 homines
457 814 662 851 doctissimi
680 821 716 851 et
736 815 871 850 summi
892 822 1014 863 poetae
1044 816 1089 851 de
1119 828 1157 851 se
1183 816 1274 864 ipsis

87 875 124 905 et
143 869 368 905 carminibus
388 869 501 904 edant
520 875 557 905 et
580 868 777 904 cantibus?
837 868 958 904 Fortis
987 869 1043 904 vir
1070 869 1108 905 in
1138 882 1206 905 sua
1234 882 1273 906 re

85 922 236 970 publica
252 922 435 970 cognituS‚
450 935 537 970 quae
550 922 595 957 de
609 922 794 970 juvenum
812 935 934 958 amore
955 922 1081 958 scribit
1093 922 1248 959 Alcaeus
1263 923 1270 960 !

86 988 173 1011 nam
188 975 434 1012 Anacreontis
451 976 601 1023 quidem
618 982 695 1011 tota
711 976 834 1024 poesis
855 982 911 1011 est
926 975 1116 1012 amatoria.
1158 976 1273 1012 Max-

85 1028 159 1065 ime
192 1042 278 1065 vero
309 1029 475 1065 omnium
496 1029 670 1077 flagrasse
698 1041 821 1065 amore
849 1029 1067 1077 Rheginum
1098 1029 1271 1078 Ibycum,

85 1090 238 1131 apparet
258 1095 305 1118 ex
327 1082 485 1130 scriptis.

138 1135 329 1172 XXXIV.
378 1135 505 1182 Atque
548 1134 679 1170 horum
710 1134 895 1171 ‘omnium
937 1135 1157 1172 libidinosos
1192 1148 1272 1172 esse

85 1202 229 1225 amores
250 1189 434 1224 videmus.
493 1188 713 1236 Philosophi
733 1201 863 1224 sumus
892 1189 1012 1224 exorti
1040 1185 1095 1236 (et
1123 1196 1272 1226 auctore

85 1242 236 1291 quidem
265 1249 393 1278 nostro
420 1241 589 1285 Platone,
618 1254 730 1289 quem
758 1254 834 1277 non
863 1241 999 1289 injuria
1028 1241 1272 1278 Dicaearchus

85 1294 263 1343 accusat),
295 1295 361 1344 qui
393 1295 508 1331 amori
546 1295 804 1331 auctoritatem
834 1295 1097 1331 tribueremus.
1156 1294 1271 1332 Stoici
1291 1307 1330 1340 72

85 1361 174 1386 vero
204 1355 241 1385 et
270 1349 476 1397 sapientem
510 1354 720 1384 amaturum
755 1361 834 1384 esse
869 1348 1010 1392 dicunt,
1042 1355 1079 1384 et
1108 1361 1271 1386 amorem

84 1403 208 1452 ipsum
244 1410 419 1439 conatum
457 1401 629 1437 amicitiae
672 1401 851 1438 faciendae
894 1414 942 1437 ex
980 1402 1272 1449 pulchritudinis

80 1456 207 1505 'specie
228 1455 426 1492 definiunt.
485 1455 563 1493 Qui
583 1455 613 1490 si
633 1454 717 1502 quis
737 1461 794 1491 est
812 1455 851 1490 in
879 1467 1002 1490 rerum
1031 1462 1165 1492 natura
1193 1456 1273 1492 sine

86 1509 350 1552 sollicitudine,
372 1509 450 1544 sine
478 1507 672 1552 desiderio,
695 1508 774 1544 sine
803 1520 901 1551 cura,
924 1508 1002 1544 sine
1033 1509 1203 1557 suspirio,
1224 1509 1273 1546 sit

86 1575 174 1599 sane
191 1577 199 1605 ;
232 1569 339 1599 vacat
358 1562 456 1597 enim
476 1562 578 1598 omni
597 1561 752 1598 libidine
770 1575 778 1606 ;
810 1562 892 1598 haec
912 1568 1038 1597 autem
1057 1563 1102 1598 de
1118 1563 1272 1598 libidine

86 1616 201 1652 oratio
221 1622 290 1652 est.
345 1615 410 1651 Sin
430 1623 554 1651 autem
575 1622 631 1651 est
650 1615 785 1663 aliquis
805 1627 919 1658 amor,
940 1622 983 1650 ut
1002 1622 1058 1650 est
1077 1622 1187 1658 certe,
1207 1615 1272 1664 qui

85 1669 178 1705 nihil
197 1669 294 1705 absit
317 1675 383 1705 aut
410 1681 487 1704 non
514 1668 678 1704 multum
707 1670 753 1704 ab
781 1668 937 1712 insania,
954 1668 1075 1715 qualis
1103 1668 1142 1704 in
1170 1669 1271 1705 Leu-

86 1723 191 1759 cadia
206 1728 262 1758 est
277 1735 285 1759 :

442 1783 610 1823 Siquidem
625 1783 667 1813 sit
683 1783 855 1824 quisquem
871 1783 962 1822 deus,

214 1826 273 1857 Cui
289 1829 346 1867 ego
361 1827 423 1856 sim
438 1836 526 1856 curae
550 1849 558 1857 .
582 1849 590 1859 .
614 1849 622 1857 .

85 1889 139 1926 At
157 1889 194 1925 id
214 1896 292 1924 erat
310 1887 388 1923 deis
407 1888 580 1924 omnibus
609 1887 826 1932 curandum,
845 1900 955 1936 quem
976 1889 1022 1925 ad
1039 1890 1193 1926 modum
1212 1889 1271 1926 hic
1291 1902 1330 1935 73

85 1943 267 1979 frueretur
287 1941 478 1989 voluptate
498 1941 696 1977 amatoria!

214 2010 288 2041 Heu
304 2020 355 2040 me
371 2008 534 2039 infelicem
549 2010 555 2039 !

86 2072 192 2109 Nihil
212 2071 347 2108 verius.
406 2069 527 2105 Probe
547 2076 584 2105 et
599 2069 686 2107 ille:

441 2138 586 2169 Sanusne
602 2147 648 2177 es,
663 2137 719 2178 qui
734 2140 857 2168 te'mere
872 2138 1074 2169 lamentfiress

87 2200 162 2237 Hic
192 2201 346 2236 insanus
381 2199 529 2235 videtur
561 2199 671 2235 etiam
705 2199 794 2236 suis.
851 2199 904 2236 At
941 2212 1034 2248 quas
1071 2200 1270 2250 tragoedias

87 2253 220 2290 efficit!

213 2315 269 2364 Te?
286 2315 402 2355 Apollo
418 2318 539 2354 sancte,
552 2315 602 2346 fe‘r
616 2325 711 2356 opem
728 2317 734 2347 !
751 2320 860 2356 teque,
877 2316 1083 2356 omnipotens
1106 2315 1270 2356 Neptune,

213 2368 439 2441 Vdglgligcisstdeo
454 2400 543 2432 venti
557 2402 564 2433 !
