1471 2585
206 83 257 118 54
523 94 727 119 'ruscuLAN
760 95 1060 120 DISPUTATIONS.
1199 78 1389 131 [zu—43,

209 188 444 237 Olympium,
476 202 562 225 eum
595 189 731 238 ipsum,
767 190 825 226 cui
859 202 898 225 se
930 189 1131 233 exercebit,
1166 188 1391 237 implorabit,

207 242 300 278 ferre
320 254 393 278 non
415 255 521 290 posse
541 243 728 280 clamabit.
779 243 1070 280 consuetudinis
1090 255 1226 291 magna
1248 244 1302 278 vis
1323 249 1391 278 est.

211 295 436 331 Pernoctant
467 304 659 332 venatores
690 297 728 332 in
758 297 854 339 nive,
887 297 926 332 in
958 297 1149 332 montibus
1176 296 1234 331 uri
1263 307 1301 331 se
1327 307 1393 343 pa-

211 348 368 384 tiuntur.
427 349 520 384 Inde
540 350 686 397 pugiles
706 351 867 386 cestibus
893 350 1039 386 contusi
1066 362 1112 385 ne
1145 349 1397 397 ingemiscunt

154 409 190 437 41
211 403 373 450 quidem.
433 403 505 438 Sed
540 404 631 450 quid
664 404 743 447 hos,
778 404 916 451 quibus
946 403 1208 451 Olympiorum
1244 402 1396 438 victoria

212 456 427 491 consulatus
446 455 508 491 ille
528 457 704 505 antiquus
726 456 903 493 videtur?
961 457 1205 499 Gladiatores,
1226 462 1292 491 aut
1313 467 1394 503 per-

211 509 279 544 diti
312 509 480 544 homines
511 516 575 545 aut
609 510 764 553 barbari,
795 523 889 559 quas
921 510 1048 558 plagas
1079 508 1288 558 perferunt!
1322 520 1396 556 quo

213 563 324 598 modo
343 562 411 606 illi,
432 563 497 610 qui
517 563 612 599 bene
635 564 799 599 instituti
828 573 926 607 sunt,
949 563 1113 611 accipere
1142 563 1288 611 plagam
1318 574 1397 597 ma-

215 616 297 652 lunt
316 628 429 664 quam
449 617 606 665 turpiter
626 618 740 652 vitare
757 617 764 653 !
797 630 909 665 quam
931 629 1031 665 saepe
1052 623 1203 664 apparet
1222 615 1314 651 nihil
1334 627 1397 650 eos

214 669 336 712 malle,
357 682 469 718 quam
489 670 547 705 vel
567 670 717 706 domino
738 670 826 706 satis
845 671 962 706 facere
992 670 1052 706 vel
1082 669 1221 718 populo
1238 669 1245 704 !
1304 668 1397 704 Mit-

216 729 300 758 tunt
319 723 429 758 etiam
449 723 668 759 vulneribus
689 724 846 759 confecti
867 724 912 759 ad
929 724 1112 767 dominos,
1135 723 1200 770 qui
1229 729 1399 770 quaerant

215 776 305 823 quid
327 776 465 820 velint3
499 777 527 812 si
548 777 636 812 satis
665 777 710 812 iis
741 778 878 813 factum
908 778 966 821 sit,
987 790 1024 813 se
1048 777 1143 812 velle
1163 776 1396 812 decumbere.

216 829 314 868 Quis
334 830 527 865 mediocris
546 830 729 878 gladiator
748 831 956 879 ingemuit?
978 831 1061 879 quis
1077 831 1223 866 vultum
1240 828 1399 864 mutavit

215 883 425 931 umquam?
456 883 539 930 quis
559 896 633 919 non
655 885 764 920 modo
790 884 904 926 stetit,
926 896 1052 920 verum
1082 884 1191 919 etiam
1222 881 1401 919 decubuit

217 937 372 984 turpiter
388 936 402 972 ?
425 937 522 984 quis,
538 950 654 984 quum
669 937 920 980 decubuisset,
938 937 1072 973 ferrum
1094 936 1254 984 recipere
1269 935 1399 984 jussus

214 990 351 1026 collum
373 990 587 1026 contraxit?
645 991 808 1026 Tantum
835 991 1064 1035 exercitatio,
1085 989 1290 1033 meditatio,
1311 1001 1400 1025 con-

215 1044 374 1079 suetudo
395 1043 506 1080 valet.
566 1044 666 1092 Ergo
686 1044 755 1080 hoc
775 1044 911 1092 poterit

386 1128 525 1167 Samnis,
541 1139 679 1169 spurcus
695 1129 801 1165 houm,
818 1128 885 1158 vita
901 1128 956 1159 illa
971 1128 1087 1169 dignus
1102 1128 1238 1168 locoque
1255 1138 1264 1167 3

217 1199 280 1244 vir,
302 1207 413 1236 natus
433 1201 478 1236 ad
498 1201 666 1249 gloriam,
687 1201 802 1237 ullam
823 1209 966 1249 partem
994 1201 1107 1237 animi
1141 1207 1217 1236 tam
1248 1200 1400 1236 mollem

216 1253 378 1297 habebit,
400 1266 513 1301 quam
544 1267 618 1289 non
652 1255 893 1290 meditatione
922 1262 959 1290 et
991 1255 1130 1290 ratione
1161 1251 1399 1290 corroboret?

218 1307 376 1342 Crudele
404 1307 648 1354 gladiatorum
679 1308 932 1355 spectaculum
959 1314 996 1343 et
1031 1308 1278 1343 inhumanum
1306 1319 1401 1343 non-

217 1360 331 1395 nullis
352 1360 469 1396 videri
488 1361 594 1403 solet,
615 1367 651 1396 et
679 1361 778 1396 haud
808 1361 882 1396 scio
911 1373 957 1397 an
986 1361 1038 1396 ita
1067 1361 1125 1405 sit,
1148 1368 1188 1396 ut
1215 1373 1315 1396 nunc
1343 1360 1400 1409 fit<

219 1413 349 1452 Quum
379 1425 465 1448 vero
495 1422 619 1449 sontes
648 1414 740 1450 ferro
769 1415 1046 1463 depugnabant,
1067 1415 1220 1450 auribus
1248 1414 1402 1450 fortasse

218 1466 360 1510 multae,
382 1467 499 1502 oculis
525 1467 675 1514 quidem
705 1467 808 1503 nulla
836 1474 980 1515 poterat
1010 1480 1090 1503 esse
1120 1467 1247 1504 fortior
1275 1474 1404 1504 contra

217 1519 382 1555 dolorem
400 1526 438 1556 et
455 1528 611 1556 mortem
633 1521 838 1568 disciplina.

160 1584 200 1613 42
271 1573 429 1609 XVIII.
461 1573 518 1609 De
537 1574 801 1610 exercitatione
822 1580 858 1610 et
877 1574 1145 1610 consuetudine
1165 1581 1201 1610 et
1213 1586 1402 1610 commen-

218 1627 357 1662 tatione
377 1626 470 1662 dixi.
527 1627 609 1675 Age
638 1627 698 1670 sis,
728 1640 828 1663 nunc
857 1628 901 1663 de.
930 1628 1069 1664 ratione
1098 1628 1302 1671 videamus,
1331 1627 1402 1663 nisi

219 1680 308 1727 quid
341 1680 396 1715 vis
427 1680 473 1715 ad
503 1679 598 1717 haec.
656 1680 706 1717 A.
738 1681 869 1729 Egone
899 1687 942 1716 ut
972 1688 1006 1716 te
1025 1680 1285 1729 interpellem?
1343 1680 1402 1716 Ne

219 1734 288 1769 hoc
318 1733 471 1781 quidem
504 1734 666 1777 vellem3
698 1734 750 1769 ita
782 1747 839 1770 me
870 1735 916 1770 ad
945 1734 1168 1770 credendum
1199 1742 1263 1770 tua
1299 1734 1403 1770 ducit

217 1787 345 1822 oratio.
403 1786 463 1823 M.
495 1787 599 1823 Sitne
620 1787 730 1835 igitur
750 1788 889 1824 malum
909 1788 1033 1823 dolere
1061 1800 1189 1830 necne,
1211 1787 1325 1823 Stoici
1346 1787 1401 1823 vi-

219 1839 350 1883 derint,
383 1841 447 1887 qui
481 1841 701 1876 contortulis
731 1841 954 1888 quibusdam
985 1849 1023 1876 et
1058 1841 1211 1877 minutis
1249 1840 1400 1877 conclu—

220 1892 399 1928 siunculis
417 1906 484 1928 nec
503 1894 549 1929 ad
573 1906 704 1930 sensus
722 1895 1027 1942 permanantibus
1047 1894 1141 1930 effici
1161 1895 1305 1937 volunt,
1326 1906 1401 1930 non

220 1958 299 1981 esse
332 1946 472 1982 malum
498 1946 676 1982 dolorem.
736 1947 819 1996 Ego
846 1947 953 1992 illud,
974 1947 1152 1995 quicquid
1176 1947 1236 1990 sit,
1256 1954 1401 1984 tantum

219 2011 312 2042 esse,
333 2006 514 2047 quantum
538 2000 718 2043 videatur,
738 2013 811 2049 non
835 2007 936 2049 puto,
957 2001 1122 2049 salsaque
1151 2000 1231 2048 ejus
1260 2001 1402 2036 visione

219 2060 257 2088 et
277 2053 397 2101 specie
416 2053 556 2088 moveri
576 2053 743 2088 homines
762 2054 844 2090 dico
874 2054 1142 2098 vehementius,
1162 2053 1402 2102 doloremque

218 2118 367 2141 omnem
387 2119 466 2142 esse
486 2106 727 2142 tolerabilem.
780 2107 888 2143 Unde
907 2108 1021 2156 igitur
1038 2107 1186 2143 ordiar?
1207 2119 1253 2142 au
1273 2107 1400 2142 eadem

218 2158 379 2195 breviter
410 2160 602 2208 attingam,
631 2172 718 2207 quae
746 2161 856 2196 modo
886 2161 978 2205 dixi,
1008 2173 1082 2209 quo
1109 2160 1256 2196 facilius
1284 2160 1401 2197 oratio

217 2213 387 2260 progredi
408 2213 524 2261 possit
542 2213 716 2261 longius?

161 2276 201 2305 43
274 2265 377 2301 Inter
404 2278 533 2302 omnes
560 2267 674 2314 igitur
700 2266 770 2302 hoc
799 2274 956 2311 constat,
978 2279 1046 2303 nec
1074 2267 1200 2303 doctos
1230 2266 1400 2302 homines

220 2318 355 2361 solum,
378 2320 441 2355 sed
460 2321 571 2355 etiam
591 2320 772 2363 indoctos,
795 2320 956 2356 virorum
977 2333 1056 2356 esse
1075 2320 1227 2356 fortium
1245 2326 1281 2355 et
1295 2332 1400 2368 mag-

219 2372 452 2408 nanimorum
477 2378 514 2408 et
539 2373 759 2421 patientium
789 2379 825 2410 et
853 2374 1016 2410 humana
1044 2373 1285 2417 vincentium,
1306 2373 1400 2410 tole-
