1471 2585
49 113 238 165 62—64.]
399 127 503 151 BOOK
533 127 576 151 11.
605 128 722 151 CHAP.
755 117 816 158 25,
843 117 907 151 26.
1177 118 1222 153 61

48 224 137 259 dum
163 223 324 259 venisset
352 221 533 258 decedens
561 234 609 257 ex
643 221 762 270 Syria,
792 222 917 258 audire
937 222 1099 258 voluisse
1120 222 1226 257 Posi·

49 277 224 319 donium3
257 275 320 310 sed
340 287 455 322 quum
476 275 650 319 audisset,
672 287 757 311 eum
782 276 943 324 graviter
968 288 1047 311 esse
1071 288 1226 324 aegrum,

49 331 151 379 quod
170 329 408 365 vehementer
433 329 513 377 ejus
540 335 641 364 artus
669 328 890 372 laborarent,
913 329 1075 365 voluisse
1102 336 1227 364 tamen

48 382 320 430 nobilissimum
348 382 610 430 philosophum
631 381 769 426 visere3
802 395 911 430 quem
941 390 984 418 ut
1010 382 1164 418 vidisset
1192 389 1229 418 et

48 436 284 473 salutavisset
309 436 595 483 honorificisque
625 436 746 471 verbis
776 443 994 484 prosecutus
1022 443 1119 472 esset
1148 449 1228 472 mo-

46 489 213 537 lesteque
234 502 271 525 se
291 489 448 525 dixisset
467 490 569 533 ferre,
590 489 691 536 quod
713 502 799 524 eum
824 501 898 525 non
924 496 1049 537 posset
1075 489 1224 533 audire3

47 549 85 579 at
104 543 167 579 ille
185 556 193 579 ε
224 543 283 578 Tu
304 555 401 586 vero,
421 542 554 591 inquit,
576 551 692 591 potes,
718 555 785 578 nec
806 544 1047 586 committam,
1068 550 1110 579 ut
1125 543 1229 578 dolor

47 596 208 644 corporis
244 596 389 639 efficiat,
423 602 464 632 ut
495 596 629 632 frustra
659 602 785 632 tantus
818 596 874 631 vir
901 596 947 631 ad
981 609 1039 631 me
1072 596 1227 633 venerit.

48 649 196 698 Itaque,
225 650 406 692 narrabat,
437 662 521 685 eum
550 649 709 698 graviter
733 658 770 685 et
799 650 945 697 copiose
966 650 1010 685 de
1036 649 1104 685 hoc
1133 650 1227 697 ipso,

47 703 141 739 nihil
165 716 243 739 esse
272 705 424 747 bonum,
454 703 525 739 nisi
545 703 646 751 quod
671 708 768 739 esset
795 703 1007 747 honestum,
1029 704 1228 739 cubantem

48 757 309 805 disputavisse,
335 769 527 804 quumque
557 757 663 805 quasi
696 757 792 792 faces
825 757 858 791 ei
887 756 1023 792 doloris
1052 758 1227 792 admove-

47 817 186 854 rentur,
219 823 318 858 saepe
351 810 515 846 dixisse:
563 810 667 846 Nihil
695 811 784 858 agis,
814 810 938 846 dolor!
980 810 1150 857 quamvis
1180 809 1228 846 sis

48 863 239 907 molestus,
260 876 465 912 numquam
485 870 520 899 te
540 876 619 899 esse
639 864 843 900 confitebor
861 863 1014 899 malum.

102 917 252 954 XXVI.
284 917 522 966 Omninoque
542 930 670 953 omnes
700 917 786 953 clari
813 924 850 953 et
873 916 1061 952 nobilitati
1084 916 1228 952 labores
1247 923 1286 953 62

50 971 306 1006 contendendo
338 971 435 1006 fiunt
467 970 579 1006 etiam
611 970 835 1006 tolerabiles.
898 970 1142 1012 videmusne,
1173 977 1228 1013 ut,

51 1024 151 1072 apud
183 1037 276 1071 quos
308 1037 435 1060 eorum
472 1024 657 1068 ludorum,
689 1024 752 1071 qui
781 1024 945 1072 gymnici
975 1024 1228 1068 nominantur,

50 1089 207 1125 magnus
225 1077 342 1113 honos
363 1077 421 1120 sit,
441 1077 587 1112 nullum
607 1077 653 1112 ab
671 1077 728 1121 iis,
750 1079 815 1125 qui
833 1078 870 1113 in
893 1077 930 1113 id
956 1084 1141 1113 certamen
1165 1078 1229 1113 de-

50 1131 239 1173 scendant,
260 1130 416 1166 devitari
435 1130 625 1166 dolorem?
682 1131 795 1179 Apud
813 1143 907 1178 quos
926 1138 1050 1166 autem
1071 1130 1232 1166 venandi

50 1190 88 1219 et
125 1184 316 1232 equitandi
351 1184 433 1219 laus
470 1184 581 1232 viget,
615 1183 679 1232 qui
716 1185 810 1219 hanc
844 1190 1047 1231 petessant,
1082 1184 1230 1220 nullum

48 1236 199 1285 fugiunt
228 1237 404 1273 dolorem.
463 1237 565 1276 Quid
595 1237 640 1273 de
668 1237 803 1272 nostris
832 1237 1109 1280 ambitionibus,
1140 1237 1231 1285 quid

50 1290 94 1326 de
123 1290 324 1339 cupiditate
353 1290 534 1326 honorum
564 1290 724 1338 loquar?
764 1303 850 1338 quae
880 1290 1029 1326 flamma
1064 1297 1131 1333 est,
1165 1302 1230 1338 per

50 1356 162 1391 quam
190 1356 264 1379 non
294 1344 522 1379 cucurrerint
540 1343 577 1387 ii,
599 1344 663 1391 qui
683 1343 763 1380 haec
789 1344 876 1379 olim
900 1344 1047 1391 punctis
1074 1344 1229 1391 singulis

51 1397 302 1446 colligebant?
380 1397 512 1445 Itaque
568 1410 712 1445 semper
755 1396 953 1432 Africanus
1001 1397 1229 1432 Socraticum

51 1449 337 1498 Xenophontem
354 1451 390 1486 in
405 1451 576 1486 manibus
592 1451 764 1492 habebat,
782 1450 888 1498 cujus
904 1451 938 1485 in
956 1450 1084 1499 primis
1099 1450 1229 1486 lauda-

50 1504 116 1539 bat
133 1504 238 1547 illud,
259 1504 358 1551 quod
377 1505 523 1547 diceret,
544 1505 694 1539 eosdem
713 1504 856 1539 labores
875 1516 948 1539 non
970 1516 1077 1551 aeque
1100 1515 1230 1552 graves

53 1569 130 1592 esse
149 1557 358 1605 imperatori
378 1564 414 1592 et
433 1557 553 1599 militi,
570 1558 669 1605 quod
695 1557 774 1605 ipse
801 1557 919 1593 honos
948 1557 1111 1593 laborem
1136 1557 1230 1593 levi-

51 1622 150 1645 orem
171 1610 307 1646 faceret
324 1611 611 1658 imperatorium.

106 1664 179 1699 Sed
216 1672 337 1699 tamen
377 1666 445 1700 hoc
478 1664 612 1708 evenit,
648 1671 692 1700 ut
727 1664 764 1699 in
804 1664 938 1711 vulgus
975 1663 1230 1710 insipientium
1249 1671 1288 1700 63

53 1716 178 1764 opinio
198 1717 319 1752 valeat
337 1717 551 1759 honestatis,
569 1730 686 1765 quum
702 1717 820 1764 ipsam
840 1717 961 1752 videre
982 1729 1056 1751 non
1072 1717 1230 1764 possint.

54 1769 188 1817 Itaque
207 1770 304 1806 fama
323 1777 359 1806 et
384 1771 636 1807 multitudinis
661 1770 802 1818 judicio
829 1776 1039 1813 moventur,
1060 1782 1175 1817 quum
1194 1770 1233 1806 id

53 1823 250 1859 honestum
272 1831 415 1871 putent,
435 1824 535 1872 quod
555 1837 574 1858 a
595 1823 780 1871 plerisque
795 1823 977 1859 laudetur.
1019 1823 1073 1859 Te
1093 1830 1231 1867 autem,

55 1876 85 1912 si
114 1876 152 1912 in
183 1877 300 1912 oculis
328 1877 376 1912 sis
404 1877 668 1918 multitudinis,
703 1884 825 1912 tamen
859 1876 940 1925 ejus
963 1876 1106 1924 judicio
1137 1884 1232 1912 stare

53 1929 182 1972 nolim,
202 1943 281 1973 nec,
304 1930 403 1977 quod
423 1930 487 1966 illa
510 1936 627 1978 putet,
655 1930 751 1965 idem
778 1937 909 1978 putare
929 1929 1231 1978 pulcherrimum.

55 1982 139 2018 Tuo
171 1983 237 2018 tibi
266 1983 407 2031 judicio
439 1990 496 2018 est
527 1983 733 2025 utendum;
776 1983 843 2019 tibi
875 1983 906 2018 si
935 1990 1034 2019 recta
1063 1982 1235 2030 probanti

55 2035 232 2084 placebis,
253 2044 332 2072 tum
359 2048 433 2071 non
461 2037 572 2071 modo
600 2042 672 2072 tete
699 2036 841 2079 viceris,
862 2037 963 2084 quod
993 2037 1119 2084 paullo
1150 2042 1234 2072 ante

55 2089 326 2137 praecipiebam,
349 2090 411 2124 sed
431 2101 557 2125 omnes
578 2095 614 2124 et
633 2089 768 2126 omnia.
829 2090 911 2125 Hoc
930 2090 1042 2137 igitur
1061 2089 1126 2124 tibi
1149 2101 1233 2137 pro·
1252 2097 1293 2126 64

55 2154 176 2190 pone:
207 2143 490 2191 amplitudinem
518 2142 632 2178 animi
660 2151 696 2179 et
724 2143 829 2190 quasi
855 2143 1042 2190 quandam
1072 2155 1234 2190 exagge-

55 2195 232 2231 rationem
261 2209 371 2244 quam
401 2195 614 2231 altissimam
645 2196 768 2241 animi,
791 2209 877 2244 quae
906 2195 1069 2231 maxime
1098 2196 1236 2231 eminet

57 2250 336 2284 contemnendis
362 2256 399 2285 et
425 2248 668 2296 despiciendis
689 2250 891 2293 doloribus,
914 2261 1027 2284 unam
1051 2261 1131 2284 esse
1155 2262 1235 2284 om-

58 2301 160 2337 nium
193 2315 269 2337 rem
300 2302 596 2350 pulcherrimam,
630 2315 747 2351 eoque
780 2302 1040 2350 pulchriorem,
1073 2302 1103 2338 si
1131 2310 1238 2338 vacet

58 2355 196 2402 populo
216 2368 338 2403 neque
358 2356 532 2403 plausum
556 2362 706 2404 captans
737 2369 774 2391 se
803 2362 926 2391 tamen
955 2355 1036 2403 ipsa
1065 2355 1235 2391 delectet.

61 2406 163 2445 Quin
195 2409 304 2444 etiam
337 2409 428 2444 mihi
448 2408 598 2456 quidem
630 2409 872 2445 laudabiliora
898 2408 1072 2444 videntur
1101 2408 1237 2451 omnia,

1006 2474 1029 2497 G
