1471 2585
168 464 207 493 83

166 1155 206 1183 84

167 1741 205 1769 85

225 84 275 118 28
543 93 746 118 TUSCULAN
776 93 1072 118 msruTA'nous.
1212 79 1404 130 [83—85.

225 188 375 224 tertium
395 187 480 224 est?
511 201 569 232 an,
591 189 766 237 quoniam
784 188 865 237 ipse
880 188 994 224 animi
1012 188 1196 224 discessus
1215 201 1236 224 a
1251 201 1404 237 corpore

225 254 300 278 non
321 242 365 277 fit
384 241 462 277 sine
483 241 635 278 dolore?
693 242 749 278 Ut
773 242 918 278 credam
946 242 996 277 ita
1024 254 1117 286 esse,
1143 254 1254 290 quam
1282 248 1338 278 est
1364 242 1404 278 id

225 295 431 343 exiguum!
500 295 552 331 Et
576 295 710 331 falsum
739 308 819 331 esse
849 295 1015 339 arbitror,
1045 302 1082 331 et
1114 295 1157 331 fit
1184 295 1404 343 plerumque

225 348 303 384 sine
323 361 446 390 sensu,
468 361 751 396 nonnumquam
770 349 881 385 etiam
907 361 993 384 cum
1013 348 1204 397 voluptate
1221 363 1230 393 3
1261 356 1403 384 totum·

225 413 297 450 que
318 402 386 437 hoc
405 402 486 437 leve
506 409 574 445 est,
593 403 852 450 qualecunque
871 408 949 446 est;
976 402 1019 438 fit
1039 402 1136 437 enim
1155 402 1199 438 ad
1220 409 1400 450 punctum

226 455 426 502 temporis:
455 455 550 491 illud
568 455 671 504 angit
690 455 748 491 vel
767 455 891 503 potius
916 455 1116 499 excruciat,
1143 455 1326 492 discessus
1354 456 1403 492 ab

225 508 400 544 omnibus
419 508 476 552 iis,
495 521 581 556 quae
608 515 697 544 sunt
723 509 823 545 bona
850 509 888 544 in
908 509 996 544 vita.
1053 508 1162 552 Vide,
1183 522 1228 544 ne
1253 522 1274 544 a
1293 509 1403 545 malis

225 561 298 597 dici
318 561 439 598 verius
459 562 588 610 possit.
645 562 748 601 Quid
768 574 835 610 ego
860 574 957 597 nunc
979 562 1125 609 lugeam
1146 562 1260 598 vitam
1280 561 1400 598 homi-

224 614 344 650 num?
400 615 498 651 Vere
527 622 564 651 et
587 615 672 664 jure
704 627 869 664 possum.
927 615 999 650 Sed
1032 615 1122 663 quid
1153 627 1302 651 necesse
1331 621 1399 659 est,

225 680 343 716 quum
376 668 413 704 id
437 681 556 717 agam,
586 681 632 704 ne
661 676 746 717 post
772 675 928 706 mortem
956 668 1108 704 miseros
1134 681 1201 704 nos
1224 676 1403 716 putemus

224 722 313 765 fore,
334 721 444 757 etiam
462 722 574 757 vitam
593 721 735 758 efficere
754 722 979 770 deplorando
998 722 1223 757 miseriorem
1239 722 1252 757 2
1293 721 1402 758 Feci-

224 786 308 810 mus
341 774 410 811 hoc
442 775 480 810 in
511 787 554 810 eo
583 774 690 819 libro,
723 775 761 810 in
794 788 868 823 quo
899 781 1046 811 nosmet
1076 775 1188 823 ipsos,
1219 782 1401 823 quantum

224 827 427 876 potuimus,
462 828 642 864 consolati
670 841 813 865 sumus.
869 828 904 864 A
935 828 1042 864 malis
1071 828 1183 877 igitur
1208 841 1308 864 mors
1337 829 1404 864 ab-

226 881 341 925 ducit,
371 894 444 917 non
475 894 496 917 a
523 881 643 925 bonis,
674 894 802 918 verum
832 881 864 918 si
889 882 1107 930 quaerimus.
1175 881 1224 917 Et
1251 882 1402 929 quidem

223 933 293 970 hoc
321 947 342 970 a
369 934 572 982 Cyrenaico
593 935 758 983 Hegesia
776 935 827 970 sic
853 935 998 983 copiose
1025 935 1245 982 disputatur,
1265 943 1307 972 ut
1325 935 1356 971 is
1381 947 1404 970 a

223 999 308 1036 rege
337 988 543 1024 Ptolemaeo
576 989 784 1036 prohibitus
816 1001 896 1024 esse
929 988 1072 1024 dicatur
1098 988 1163 1024 illa
1195 988 1234 1024 in
1267 988 1404 1024 scholis

224 1040 355 1086 dicere,
387 1042 487 1089 quod
522 1042 631 1078 multi
666 1042 711 1078 iis
744 1041 882 1078 auditis
918 1049 1075 1078 mortem
1112 1041 1182 1077 sibi
1212 1041 1284 1090 ipsi
1313 1053 1403 1078 con-

223 1094 432 1131 sciscerent.

278 1148 497 1184 Callimachi
520 1148 672 1196 quidem
697 1148 923 1197 epigramma
951 1147 990 1183 in
1010 1147 1288 1184 Ambraciotam
1317 1148 1404 1184 Cle-

223 1201 436 1236 ombrotum
455 1207 522 1245 est,
541 1214 653 1249 quem
669 1201 731 1245 ait,
748 1213 866 1249 quum
883 1201 916 1237 ei
930 1201 1025 1236 nihil
1042 1201 1235 1237 accidisset
1245 1201 1404 1246 adversi,

223 1266 243 1289 e
263 1266 369 1290 muro
389 1267 427 1290 se
446 1255 483 1290 in
503 1267 603 1290 mare
630 1254 807 1302 abjecisse
831 1254 928 1290 lecto
947 1254 1114 1290 Platonis
1143 1254 1253 1290 libro.
1309 1254 1406 1303 Ejus

223 1314 360 1350 autem,
381 1320 494 1355 quem
507 1307 600 1351 dixi,
617 1308 794 1355 Hegesiae
810 1307 903 1343 liber
915 1314 982 1351 est,
998 1306 1284 1354 Ἀποκαρτερῶν,
1303 1308 1405 1355 quod

223 1372 244 1395 a
263 1361 340 1396 vita
357 1361 508 1408 quidam
524 1373 588 1409 per
603 1360 764 1396 inediam
781 1360 972 1396 discedens
988 1368 1181 1396 revocatur
1199 1362 1244 1396 ab
1265 1361 1404 1407 amicis,

224 1413 360 1460 quibus
380 1415 607 1461 respondens
629 1413 716 1450 vitae
745 1414 919 1450 humanae
945 1421 1136 1449 enumerat
1155 1413 1402 1452 incommoda.

224 1466 378 1502 Possem
410 1467 448 1502 id
478 1467 609 1510 facere,
647 1467 716 1503 etsi
748 1466 871 1503 minus
904 1479 1015 1515 quam
1051 1467 1125 1510 ille,
1158 1467 1222 1514 qui
1252 1468 1404 1505 omnino

223 1519 348 1555 vivere
378 1521 554 1568 expedire
584 1520 723 1556 nemini
755 1526 874 1568 putat.
943 1520 1056 1556 Mitto
1087 1520 1201 1556 alios:
1243 1521 1404 1558 etiamne

223 1573 330 1608 nobis
351 1573 532 1621 expedit?
570 1574 634 1621 qui
658 1581 694 1610 et
723 1573 934 1610 domesticis
965 1580 1002 1609 et
1025 1573 1233 1610 forensibus
1262 1574 1403 1611 solatiis

224 1627 525 1675 ornamentisque
548 1627 683 1674 privati
710 1634 819 1670 certe,
845 1627 875 1662 si
901 1633 986 1663 ante
1012 1627 1284 1671 occidissemus,
1304 1639 1403 1664 mors

224 1691 293 1715 nos
312 1692 333 1715 a
352 1680 470 1722 malis,
491 1692 565 1716 non
585 1693 606 1716 a
625 1680 732 1716 bonis
753 1680 1005 1716 abstraxisset.

277 1732 444 1769 XXXV.
476 1733 534 1769 Sit
551 1733 663 1781 igitur
681 1733 827 1781 aliquis,
847 1733 911 1781 qui
930 1733 1022 1768 nihil
1041 1733 1130 1768 mali
1147 1733 1295 1776 habeat,
1315 1733 1402 1769 nul-

223 1785 302 1821 lum
322 1799 342 1822 a
361 1786 507 1822 fortuna
527 1786 663 1822 vulnus
691 1787 870 1835 acceperit
887 1800 894 1823 :
930 1786 1107 1822 Metellus
1126 1786 1188 1822 ille
1214 1786 1403 1823 honoratis

225 1846 400 1886 quattuor
421 1840 507 1875 filiis
525 1854 534 1883 ;
566 1846 604 1876 at
623 1840 895 1889 quinquaginta
914 1840 1095 1883 Priamus,
1117 1851 1136 1874 e
1155 1839 1292 1888 quibus
1317 1852 1402 1888 sep-

225 1892 406 1928 tendecim
423 1892 528 1940 justa
547 1905 665 1928 uxore
685 1894 794 1929 natis.
856 1893 899 1929 In
919 1899 1077 1941 utroque
1097 1893 1250 1928 eandem
1272 1893 1402 1930 habuit

222 1944 371 1981 fortuna
398 1952 632 1993 potestatem,
662 1947 724 1982 sed
756 1959 825 1982 usa
855 1946 894 1982 in
926 1946 1042 1982 alteno
1075 1952 1142 1982 est.
1205 1945 1401 1982 Metellum

223 1998 321 2034 enim
341 1999 451 2034 multi
472 1999 551 2043 filii,
573 1999 675 2042 filiae,
692 2007 857 2048 nepotes,
879 2006 1008 2048 neptes
1027 2000 1063 2035 in
1084 2011 1213 2046 rogum
1234 1999 1401 2047 imposu-

222 2058 355 2096 erunt;
401 2052 590 2088 Priamum
627 2059 731 2088 tanta
773 2053 947 2101 progenie
990 2053 1171 2095 orbatum,
1210 2064 1326 2099 quum
1362 2052 1402 2088 in

223 2116 322 2140 aram
343 2105 580 2153 confugisset,
601 2105 747 2141 hostilis
767 2118 898 2142 manus
918 2106 1113 2143 interemit.
1165 2105 1239 2141 Hic
1259 2105 1288 2141 si
1308 2105 1402 2142 vivis

222 2157 321 2202 filiis,
342 2159 521 2195 incolumi
540 2171 666 2207 regna,
688 2159 894 2202 occidisset,

650 2243 800 2273 adstante
816 2253 876 2282 ope
892 2242 1076 2281 barbarica,

552 2286 661 2316 Tectis
676 2286 809 2325 caelatis,
823 2286 983 2326 laqueatis
997 2296 1005 2316 ε

223 2380 346 2410 utrum
366 2374 515 2410 tandem
540 2386 562 2410 a
591 2375 696 2411 bonis
725 2386 772 2411 an
802 2388 824 2412 a
852 2375 959 2412 malis
987 2373 1245 2411 discessisset?
1302 2374 1400 2411 Tum
