<?xml version="1.0" encoding="UTF-8"?>
<!DOCTYPE html PUBLIC "-//W3C//DTD XHTML 1.0 Transitional//EN"
    "http://www.w3.org/TR/xhtml1/DTD/xhtml1-transitional.dtd">
<html xmlns="http://www.w3.org/1999/xhtml" xml:lang="en" lang="en">
 <head>
  <title>
</title>
<meta http-equiv="Content-Type" content="text/html;charset=utf-8" />
  <meta name='ocr-system' content='tesseract 3.04.00' />
  <meta name='ocr-capabilities' content='ocr_page ocr_carea ocr_par ocr_line ocrx_word'/>
</head>
<body>
  <div class='ocr_page' id='page_1' title='image "./tusculandisputat00ciceuoft_0043.png"; bbox 0 0 1471 2585; ppageno 0'>
   <div class='ocr_carea' id='block_1_1' title="bbox 76 83 1252 135">
    <p class='ocr_par' dir='ltr' id='par_1_1' title="bbox 76 83 1252 135">
     <span class='ocr_line' id='line_1_1' title="bbox 76 83 1252 135; baseline -0.007 -11"><span class='ocrx_word' id='word_1_1' title='bbox 76 83 317 135; x_wconf 81' lang='lat'>102—104.]</span> <span class='ocrx_word' id='word_1_2' title='bbox 436 97 538 122; x_wconf 79' lang='lat' dir='ltr'><strong>BooK</strong></span> <span class='ocrx_word' id='word_1_3' title='bbox 559 96 586 121; x_wconf 87' lang='lat'><strong>1.</strong></span> <span class='ocrx_word' id='word_1_4' title='bbox 608 97 726 122; x_wconf 77' lang='lat' dir='ltr'><strong>anP.</strong></span> <span class='ocrx_word' id='word_1_5' title='bbox 745 87 807 129; x_wconf 78' lang='lat'><strong>42,</strong></span> <span class='ocrx_word' id='word_1_6' title='bbox 828 86 892 122; x_wconf 86' lang='lat'><strong>43.</strong></span> <span class='ocrx_word' id='word_1_7' title='bbox 1204 88 1252 123; x_wconf 88' lang='grc'><strong>35</strong></span> 
     </span>
    </p>
   </div>
   <div class='ocr_carea' id='block_1_2' title="bbox 48 192 1335 2429">
    <p class='ocr_par' dir='ltr' id='par_1_2' title="bbox 48 192 1332 657">
     <span class='ocr_line' id='line_1_2' title="bbox 73 192 1253 240; baseline -0.001 -10"><span class='ocrx_word' id='word_1_8' title='bbox 73 192 371 235; x_wconf 81' lang='lat' dir='ltr'><strong>Lacedaemonii;</strong></span> <span class='ocrx_word' id='word_1_9' title='bbox 407 192 513 229; x_wconf 77' lang='lat' dir='ltr'><strong>hodie</strong></span> <span class='ocrx_word' id='word_1_10' title='bbox 545 192 646 240; x_wconf 80' lang='lat' dir='ltr'><strong>apud</strong></span> <span class='ocrx_word' id='word_1_11' title='bbox 673 193 811 240; x_wconf 80' lang='lat' dir='ltr'><strong>inferos</strong></span> <span class='ocrx_word' id='word_1_12' title='bbox 831 193 993 239; x_wconf 87' lang='lat' dir='ltr'><strong>sortasse</strong></span> <span class='ocrx_word' id='word_1_13' title='bbox 1021 192 1253 229; x_wconf 87' lang='lat' dir='ltr'><strong>coenabimus.</strong></span> 
     </span>
     <span class='ocr_line' id='line_1_3' title="bbox 75 244 1252 295; baseline 0 -12"><span class='ocrx_word' id='word_1_14' title='bbox 75 246 163 283; x_wconf 84' lang='lat' dir='ltr'>Fuit</span> <span class='ocrx_word' id='word_1_15' title='bbox 180 247 260 283; x_wconf 88' lang='lat' dir='ltr'><strong>haec</strong></span> <span class='ocrx_word' id='word_1_16' title='bbox 279 258 368 294; x_wconf 86' lang='lat' dir='ltr'><strong>gens</strong></span> <span class='ocrx_word' id='word_1_17' title='bbox 387 246 503 288; x_wconf 87' lang='lat' dir='ltr'><strong>fortis,</strong></span> <span class='ocrx_word' id='word_1_18' title='bbox 525 246 616 281; x_wconf 90' lang='lat' dir='ltr'><strong>dum</strong></span> <span class='ocrx_word' id='word_1_19' title='bbox 635 245 800 294; x_wconf 85' lang='lat' dir='ltr'><strong>Lycurgi</strong></span> <span class='ocrx_word' id='word_1_20' title='bbox 827 245 927 294; x_wconf 85' lang='lat' dir='ltr'><strong>leges</strong></span> <span class='ocrx_word' id='word_1_21' title='bbox 954 244 1163 295; x_wconf 87' lang='lat' dir='ltr'><strong>vigebant.]</strong></span> <span class='ocrx_word' id='word_1_22' title='bbox 1219 247 1252 283; x_wconf 90' lang='lat' dir='ltr'><strong>E</strong></span> 
     </span>
     <span class='ocr_line' id='line_1_4' title="bbox 55 297 1255 349; baseline 0 -14"><span class='ocrx_word' id='word_1_23' title='bbox 55 297 210 349; x_wconf 65' lang='lat' dir='ltr'><strong>&#39;quibus</strong></span> <span class='ocrx_word' id='word_1_24' title='bbox 229 312 340 343; x_wconf 87' lang='lat' dir='ltr'><strong>unus,</strong></span> <span class='ocrx_word' id='word_1_25' title='bbox 362 312 480 348; x_wconf 88' lang='lat' dir='ltr'><strong>quum</strong></span> <span class='ocrx_word' id='word_1_26' title='bbox 509 299 640 334; x_wconf 90' lang='lat' dir='ltr'><strong>Perses</strong></span> <span class='ocrx_word' id='word_1_27' title='bbox 668 299 785 335; x_wconf 90' lang='lat' dir='ltr'><strong>hostis</strong></span> <span class='ocrx_word' id='word_1_28' title='bbox 813 299 851 334; x_wconf 93' lang='lat' dir='ltr'><strong>in</strong></span> <span class='ocrx_word' id='word_1_29' title='bbox 881 299 1068 348; x_wconf 89' lang='lat' dir='ltr'><strong>colloquio</strong></span> <span class='ocrx_word' id='word_1_30' title='bbox 1097 300 1255 336; x_wconf 84' lang='lat' dir='ltr'><strong>dixisset</strong></span> 
     </span>
     <span class='ocr_line' id='line_1_5' title="bbox 72 351 1253 402; baseline 0.001 -14"><span class='ocrx_word' id='word_1_31' title='bbox 72 353 255 402; x_wconf 88' lang='lat' dir='ltr'><strong>glorians:</strong></span> <span class='ocrx_word' id='word_1_32' title='bbox 287 352 402 389; x_wconf 86' lang='lat' dir='ltr'><strong>Solem</strong></span> <span class='ocrx_word' id='word_1_33' title='bbox 418 365 506 401; x_wconf 76' lang='lat' dir='ltr'><strong>prce</strong></span> <span class='ocrx_word' id='word_1_34' title='bbox 515 351 725 401; x_wconf 84' lang='lat' dir='ltr'><strong>jaculorum</strong></span> <span class='ocrx_word' id='word_1_35' title='bbox 744 352 970 389; x_wconf 82' lang='lat' dir='ltr'><strong>multitudine</strong></span> <span class='ocrx_word' id='word_1_36' title='bbox 989 359 1023 388; x_wconf 82' lang='lat' dir='ltr'><strong>et</strong></span> <span class='ocrx_word' id='word_1_37' title='bbox 1042 355 1253 402; x_wconf 70' lang='lat' dir='ltr'><strong>sayittarum</strong></span> 
     </span>
     <span class='ocr_line' id='line_1_6' title="bbox 48 406 1332 455; baseline 0 -13"><span class='ocrx_word' id='word_1_38' title='bbox 48 425 59 427; x_wconf 44' lang='lat'><em>⁴</em></span> <span class='ocrx_word' id='word_1_39' title='bbox 73 418 141 442; x_wconf 80' lang='lat' dir='ltr'><strong>uon</strong></span> <span class='ocrx_word' id='word_1_40' title='bbox 160 406 327 442; x_wconf 80' lang='lat' dir='ltr'><strong>videbitis</strong></span> <span class='ocrx_word' id='word_1_41' title='bbox 345 419 356 443; x_wconf 90' lang='lat'><strong>.·</strong></span> <span class='ocrx_word' id='word_1_42' title='bbox 378 406 421 442; x_wconf 87' lang='lat' dir='ltr'><strong>In</strong></span> <span class='ocrx_word' id='word_1_43' title='bbox 437 407 561 442; x_wconf 85' lang='lat' dir='ltr'><strong>umbra</strong></span> <span class='ocrx_word' id='word_1_44' title='bbox 574 407 697 454; x_wconf 69' lang='lat' dir='ltr'><strong>iyitur,</strong></span> <span class='ocrx_word' id='word_1_45' title='bbox 714 406 1110 455; x_wconf 49' lang='lat' dir='ltr'><strong>inquinpuynabimus.</strong></span> <span class='ocrx_word' id='word_1_46' title='bbox 1143 407 1252 443; x_wconf 91' lang='lat' dir='ltr'><strong>Viros</strong></span> <span class='ocrx_word' id='word_1_47' title='bbox 1275 414 1332 442; x_wconf 80' lang='lat'><strong>102</strong></span> 
     </span>
     <span class='ocr_line' id='line_1_7' title="bbox 72 459 1254 508; baseline 0.001 -13"><span class='ocrx_word' id='word_1_48' title='bbox 72 472 331 496; x_wconf 88' lang='lat' dir='ltr'><strong>commemoro.</strong></span> <span class='ocrx_word' id='word_1_49' title='bbox 369 460 501 498; x_wconf 83' lang='lat' dir='ltr'><strong>Qualis</strong></span> <span class='ocrx_word' id='word_1_50' title='bbox 520 460 670 495; x_wconf 90' lang='lat' dir='ltr'><strong>tandem</strong></span> <span class='ocrx_word' id='word_1_51' title='bbox 687 459 875 495; x_wconf 78' lang='lat' dir='ltr'><strong>Lacaena?</strong></span> <span class='ocrx_word' id='word_1_52' title='bbox 897 471 983 507; x_wconf 89' lang='lat' dir='ltr'><strong>quae</strong></span> <span class='ocrx_word' id='word_1_53' title='bbox 999 473 1117 508; x_wconf 88' lang='lat' dir='ltr'><strong>quum</strong></span> <span class='ocrx_word' id='word_1_54' title='bbox 1132 460 1254 496; x_wconf 90' lang='lat' dir='ltr'><strong>filium</strong></span> 
     </span>
     <span class='ocr_line' id='line_1_8' title="bbox 71 512 1252 560; baseline 0.002 -12"><span class='ocrx_word' id='word_1_55' title='bbox 71 513 111 548; x_wconf 89' lang='lat' dir='ltr'><strong>in</strong></span> <span class='ocrx_word' id='word_1_56' title='bbox 128 513 302 560; x_wconf 88' lang='lat' dir='ltr'><strong>proelium</strong></span> <span class='ocrx_word' id='word_1_57' title='bbox 322 513 483 549; x_wconf 85' lang='lat' dir='ltr'><strong>misisset</strong></span> <span class='ocrx_word' id='word_1_58' title='bbox 501 520 538 548; x_wconf 81' lang='lat' dir='ltr'><strong>et</strong></span> <span class='ocrx_word' id='word_1_59' title='bbox 555 512 788 549; x_wconf 89' lang='lat' dir='ltr'><strong>interfectum</strong></span> <span class='ocrx_word' id='word_1_60' title='bbox 819 513 995 557; x_wconf 84' lang='lat' dir='ltr'><strong>audisset,</strong></span> <span class='ocrx_word' id='word_1_61' title='bbox 1017 513 1173 557; x_wconf 83' lang='lat' dir='ltr'><strong>Idcirco,</strong></span> <span class='ocrx_word' id='word_1_62' title='bbox 1194 513 1252 549; x_wconf 91' lang='lat' dir='ltr'><strong>in-</strong></span> 
     </span>
     <span class='ocr_line' id='line_1_9' title="bbox 71 566 1254 616; baseline 0.002 -15"><span class='ocrx_word' id='word_1_63' title='bbox 71 566 164 614; x_wconf 89' lang='lat' dir='ltr'><strong>quit,</strong></span> <span class='ocrx_word' id='word_1_64' title='bbox 180 579 386 615; x_wconf 71' lang='lat' dir='ltr'><strong>yeuueram,</strong></span> <span class='ocrx_word' id='word_1_65' title='bbox 408 573 447 603; x_wconf 89' lang='lat' dir='ltr'><strong>ut</strong></span> <span class='ocrx_word' id='word_1_66' title='bbox 466 571 568 610; x_wconf 82' lang='lat' dir='ltr'><strong>esset,</strong></span> <span class='ocrx_word' id='word_1_67' title='bbox 589 568 651 616; x_wconf 85' lang='lat' dir='ltr'><strong>qui</strong></span> <span class='ocrx_word' id='word_1_68' title='bbox 664 579 734 615; x_wconf 79' lang='lat' dir='ltr'><strong>pro</strong></span> <span class='ocrx_word' id='word_1_69' title='bbox 764 568 890 615; x_wconf 77' lang='lat' dir='ltr'><strong>patria</strong></span> <span class='ocrx_word' id='word_1_70' title='bbox 917 572 1026 602; x_wconf 86' lang='lat' dir='ltr'><strong>morte</strong></span> <span class='ocrx_word' id='word_1_71' title='bbox 1055 580 1124 603; x_wconf 82' lang='lat' dir='ltr'><strong>non</strong></span> <span class='ocrx_word' id='word_1_72' title='bbox 1149 567 1254 604; x_wconf 80' lang='lat' dir='ltr'><strong>dubi-</strong></span> 
     </span>
     <span class='ocr_line' id='line_1_10' title="bbox 72 621 400 657; baseline 0 -1"><span class='ocrx_word' id='word_1_73' title='bbox 72 625 165 656; x_wconf 88' lang='lat' dir='ltr'><strong>taret</strong></span> <span class='ocrx_word' id='word_1_74' title='bbox 182 621 400 657; x_wconf 86' lang='lat' dir='ltr'><strong>occumbere.</strong></span> 
     </span>
    </p>

    <p class='ocr_par' dir='ltr' id='par_1_3' title="bbox 71 672 1255 989">
     <span class='ocr_line' id='line_1_11' title="bbox 124 672 1255 721; baseline 0.001 -12"><span class='ocrx_word' id='word_1_75' title='bbox 124 673 279 710; x_wconf 89' lang='lat' dir='ltr'>XLIII.</span> <span class='ocrx_word' id='word_1_76' title='bbox 302 674 395 710; x_wconf 89' lang='lat' dir='ltr'><strong>Esto</strong></span> <span class='ocrx_word' id='word_1_77' title='bbox 410 686 418 708; x_wconf 88' lang='lat'>:</span> <span class='ocrx_word' id='word_1_78' title='bbox 440 673 551 709; x_wconf 88' lang='lat' dir='ltr'><strong>fortes</strong></span> <span class='ocrx_word' id='word_1_79' title='bbox 566 680 603 709; x_wconf 86' lang='lat' dir='ltr'><strong>et</strong></span> <span class='ocrx_word' id='word_1_80' title='bbox 617 672 699 708; x_wconf 91' lang='lat' dir='ltr'><strong>duri</strong></span> <span class='ocrx_word' id='word_1_81' title='bbox 713 672 930 721; x_wconf 81' lang='lat' dir='ltr'><strong>Spartiatae3</strong></span> <span class='ocrx_word' id='word_1_82' title='bbox 953 685 1126 721; x_wconf 82' lang='lat' dir='ltr'><strong>magnam</strong></span> <span class='ocrx_word' id='word_1_83' title='bbox 1142 674 1255 710; x_wconf 83' lang='lat' dir='ltr'><strong>habet</strong></span> 
     </span>
     <span class='ocr_line' id='line_1_12' title="bbox 71 725 1253 775; baseline 0.001 -13"><span class='ocrx_word' id='word_1_84' title='bbox 71 725 147 762; x_wconf 90' lang='lat' dir='ltr'><strong>vim</strong></span> <span class='ocrx_word' id='word_1_85' title='bbox 165 727 217 763; x_wconf 88' lang='lat' dir='ltr'><strong>rei</strong></span> <span class='ocrx_word' id='word_1_86' title='bbox 235 727 397 775; x_wconf 90' lang='lat' dir='ltr'><strong>publicae</strong></span> <span class='ocrx_word' id='word_1_87' title='bbox 415 726 622 775; x_wconf 86' lang='lat' dir='ltr'><strong>disciplina.</strong></span> <span class='ocrx_word' id='word_1_88' title='bbox 681 726 810 765; x_wconf 79' lang='lat' dir='ltr'><strong>Quid?</strong></span> <span class='ocrx_word' id='word_1_89' title='bbox 833 727 1058 774; x_wconf 81' lang='lat' dir='ltr'><strong>Cyrenaeum</strong></span> <span class='ocrx_word' id='word_1_90' title='bbox 1079 727 1253 763; x_wconf 89' lang='lat' dir='ltr'><strong>Theodo-</strong></span> 
     </span>
     <span class='ocr_line' id='line_1_13' title="bbox 71 780 1255 828; baseline 0 -12"><span class='ocrx_word' id='word_1_91' title='bbox 71 792 165 824; x_wconf 90' lang='lat' dir='ltr'><strong>rum,</strong></span> <span class='ocrx_word' id='word_1_92' title='bbox 185 780 450 828; x_wconf 89' lang='lat' dir='ltr'><strong>philosophum</strong></span> <span class='ocrx_word' id='word_1_93' title='bbox 469 792 543 816; x_wconf 92' lang='lat' dir='ltr'><strong>non</strong></span> <span class='ocrx_word' id='word_1_94' title='bbox 573 780 787 827; x_wconf 80' lang='lat' dir='ltr'><strong>ignobilem,</strong></span> <span class='ocrx_word' id='word_1_95' title='bbox 805 793 933 816; x_wconf 89' lang='lat' dir='ltr'><strong>nonne</strong></span> <span class='ocrx_word' id='word_1_96' title='bbox 961 780 1167 816; x_wconf 81' lang='lat' dir='ltr'><strong>miramur?</strong></span> <span class='ocrx_word' id='word_1_97' title='bbox 1195 781 1255 817; x_wconf 88' lang='lat' dir='ltr'><strong>cui</strong></span> 
     </span>
     <span class='ocr_line' id='line_1_14' title="bbox 71 833 1252 883; baseline 0.001 -14"><span class='ocrx_word' id='word_1_98' title='bbox 71 846 188 882; x_wconf 91' lang='lat' dir='ltr'><strong>quum</strong></span> <span class='ocrx_word' id='word_1_99' title='bbox 209 834 456 882; x_wconf 83' lang='lat' dir='ltr'><strong>Lysimachus</strong></span> <span class='ocrx_word' id='word_1_100' title='bbox 487 845 552 869; x_wconf 82' lang='lat' dir='ltr'><strong>rex</strong></span> <span class='ocrx_word' id='word_1_101' title='bbox 584 846 731 869; x_wconf 90' lang='lat' dir='ltr'><strong>crucem</strong></span> <span class='ocrx_word' id='word_1_102' title='bbox 759 834 973 877; x_wconf 86' lang='lat' dir='ltr'><strong>minaretur,</strong></span> <span class='ocrx_word' id='word_1_103' title='bbox 996 833 1092 878; x_wconf 81' lang='lat' dir='ltr'><strong>Istis,</strong></span> <span class='ocrx_word' id='word_1_104' title='bbox 1114 847 1252 883; x_wconf 84' lang='lat' dir='ltr'><strong>quaeso,</strong></span> 
     </span>
     <span class='ocr_line' id='line_1_15' title="bbox 71 886 1255 935; baseline 0 -12"><span class='ocrx_word' id='word_1_105' title='bbox 71 886 205 935; x_wconf 86' lang='lat' dir='ltr'><strong>inquit,</strong></span> <span class='ocrx_word' id='word_1_106' title='bbox 226 889 295 923; x_wconf 88' lang='lat' dir='ltr'><strong>ista</strong></span> <span class='ocrx_word' id='word_1_107' title='bbox 315 887 507 923; x_wconf 78' lang='lat' dir='ltr'><strong>horribilia</strong></span> <span class='ocrx_word' id='word_1_108' title='bbox 527 888 694 923; x_wconf 82' lang='lat' dir='ltr'><strong>minitare</strong></span> <span class='ocrx_word' id='word_1_109' title='bbox 710 889 927 935; x_wconf 79' lang='lat' dir='ltr'><strong>purpuratis</strong></span> <span class='ocrx_word' id='word_1_110' title='bbox 943 888 1013 924; x_wconf 88' lang='lat' dir='ltr'><strong>tuis</strong></span> <span class='ocrx_word' id='word_1_111' title='bbox 1028 889 1044 924; x_wconf 76' lang='lat' dir='ltr'><em>l</em></span> <span class='ocrx_word' id='word_1_112' title='bbox 1071 886 1255 924; x_wconf 75' lang='lat' dir='ltr'><strong>Theodori</strong></span> 
     </span>
     <span class='ocr_line' id='line_1_16' title="bbox 72 940 1093 989; baseline 0.001 -13"><span class='ocrx_word' id='word_1_113' title='bbox 72 940 212 989; x_wconf 82' lang='lat' dir='ltr'><strong>quidem</strong></span> <span class='ocrx_word' id='word_1_114' title='bbox 232 940 327 977; x_wconf 81' lang='lat' dir='ltr'><strong>nibil</strong></span> <span class='ocrx_word' id='word_1_115' title='bbox 344 943 501 984; x_wconf 85' lang='lat' dir='ltr'><strong>interest,</strong></span> <span class='ocrx_word' id='word_1_116' title='bbox 523 941 665 976; x_wconf 77' lang='lat' dir='ltr'><strong>humine</strong></span> <span class='ocrx_word' id='word_1_117' title='bbox 686 954 732 976; x_wconf 80' lang='lat' dir='ltr'><strong>an</strong></span> <span class='ocrx_word' id='word_1_118' title='bbox 751 940 900 976; x_wconf 84' lang='lat' dir='ltr'><strong>sublime</strong></span> <span class='ocrx_word' id='word_1_119' title='bbox 913 946 1093 989; x_wconf 79' lang='lat' dir='ltr'><strong>putescat.</strong></span> 
     </span>
    </p>

    <p class='ocr_par' dir='ltr' id='par_1_4' title="bbox 67 993 1333 1736">
     <span class='ocr_line' id='line_1_17' title="bbox 126 993 1254 1043; baseline 0 -13"><span class='ocrx_word' id='word_1_120' title='bbox 126 994 244 1043; x_wconf 79' lang='lat' dir='ltr'><strong>CuJus</strong></span> <span class='ocrx_word' id='word_1_121' title='bbox 262 993 333 1031; x_wconf 90' lang='lat' dir='ltr'><strong>hoc</strong></span> <span class='ocrx_word' id='word_1_122' title='bbox 353 994 452 1030; x_wconf 90' lang='lat' dir='ltr'><strong>dicto</strong></span> <span class='ocrx_word' id='word_1_123' title='bbox 471 994 682 1038; x_wconf 83' lang='lat' dir='ltr'><strong>admoneor,</strong></span> <span class='ocrx_word' id='word_1_124' title='bbox 701 1000 746 1030; x_wconf 91' lang='lat' dir='ltr'><strong>ut</strong></span> <span class='ocrx_word' id='word_1_125' title='bbox 764 994 904 1042; x_wconf 87' lang='lat' dir='ltr'><strong>aliquid</strong></span> <span class='ocrx_word' id='word_1_126' title='bbox 925 994 1034 1030; x_wconf 86' lang='lat' dir='ltr'><strong>etiam</strong></span> <span class='ocrx_word' id='word_1_127' title='bbox 1056 995 1100 1030; x_wconf 90' lang='lat' dir='ltr'><strong>de</strong></span> <span class='ocrx_word' id='word_1_128' title='bbox 1120 994 1254 1030; x_wconf 88' lang='lat' dir='ltr'><strong>huma-</strong></span> 
     </span>
     <span class='ocr_line' id='line_1_18' title="bbox 71 1047 1253 1096; baseline 0 -13"><span class='ocrx_word' id='word_1_129' title='bbox 71 1047 172 1083; x_wconf 86' lang='lat' dir='ltr'><strong>tione</strong></span> <span class='ocrx_word' id='word_1_130' title='bbox 201 1054 238 1083; x_wconf 92' lang='lat' dir='ltr'><strong>et</strong></span> <span class='ocrx_word' id='word_1_131' title='bbox 267 1048 458 1096; x_wconf 84' lang='lat' dir='ltr'><strong>sepultura</strong></span> <span class='ocrx_word' id='word_1_132' title='bbox 482 1047 680 1083; x_wconf 85' lang='lat' dir='ltr'><strong>dicendum</strong></span> <span class='ocrx_word' id='word_1_133' title='bbox 711 1047 935 1091; x_wconf 84' lang='lat' dir='ltr'><strong>existimem,</strong></span> <span class='ocrx_word' id='word_1_134' title='bbox 964 1060 1042 1083; x_wconf 90' lang='lat' dir='ltr'><strong>rem</strong></span> <span class='ocrx_word' id='word_1_135' title='bbox 1061 1060 1136 1083; x_wconf 90' lang='lat' dir='ltr'><strong>non</strong></span> <span class='ocrx_word' id='word_1_136' title='bbox 1156 1047 1253 1083; x_wconf 89' lang='lat' dir='ltr'><strong>diffi-</strong></span> 
     </span>
     <span class='ocr_line' id='line_1_19' title="bbox 72 1100 1253 1149; baseline 0.001 -13"><span class='ocrx_word' id='word_1_137' title='bbox 72 1100 191 1144; x_wconf 89' lang='lat' dir='ltr'><strong>cilem,</strong></span> <span class='ocrx_word' id='word_1_138' title='bbox 221 1100 267 1136; x_wconf 91' lang='lat' dir='ltr'><strong>iis</strong></span> <span class='ocrx_word' id='word_1_139' title='bbox 296 1100 501 1149; x_wconf 81' lang='lat' dir='ltr'><strong>praesertim</strong></span> <span class='ocrx_word' id='word_1_140' title='bbox 535 1100 703 1148; x_wconf 84' lang='lat' dir='ltr'><strong>cognitis,</strong></span> <span class='ocrx_word' id='word_1_141' title='bbox 738 1114 823 1148; x_wconf 86' lang='lat' dir='ltr'><strong>quae</strong></span> <span class='ocrx_word' id='word_1_142' title='bbox 857 1101 902 1136; x_wconf 89' lang='lat' dir='ltr'><strong>de</strong></span> <span class='ocrx_word' id='word_1_143' title='bbox 934 1101 1026 1137; x_wconf 87' lang='lat' dir='ltr'><strong>nihil</strong></span> <span class='ocrx_word' id='word_1_144' title='bbox 1059 1101 1253 1137; x_wconf 90' lang='lat' dir='ltr'><strong>sentiendo</strong></span> 
     </span>
     <span class='ocr_line' id='line_1_20' title="bbox 71 1153 1254 1202; baseline 0 -12"><span class='ocrx_word' id='word_1_145' title='bbox 71 1154 199 1202; x_wconf 76' lang='lat' dir='ltr'><strong>paullo</strong></span> <span class='ocrx_word' id='word_1_146' title='bbox 218 1161 302 1190; x_wconf 87' lang='lat' dir='ltr'><strong>ante</strong></span> <span class='ocrx_word' id='word_1_147' title='bbox 324 1154 423 1190; x_wconf 86' lang='lat' dir='ltr'><strong>dicta</strong></span> <span class='ocrx_word' id='word_1_148' title='bbox 442 1160 541 1189; x_wconf 88' lang='lat' dir='ltr'><strong>sunt.</strong></span> <span class='ocrx_word' id='word_1_149' title='bbox 599 1153 657 1189; x_wconf 90' lang='lat' dir='ltr'><strong>De</strong></span> <span class='ocrx_word' id='word_1_150' title='bbox 688 1166 762 1201; x_wconf 82' lang='lat' dir='ltr'><strong>qua</strong></span> <span class='ocrx_word' id='word_1_151' title='bbox 793 1154 961 1189; x_wconf 84' lang='lat' dir='ltr'><strong>Socrates</strong></span> <span class='ocrx_word' id='word_1_152' title='bbox 990 1154 1141 1202; x_wconf 89' lang='lat' dir='ltr'><strong>quidem</strong></span> <span class='ocrx_word' id='word_1_153' title='bbox 1162 1154 1254 1202; x_wconf 89' lang='lat' dir='ltr'><strong>quid</strong></span> 
     </span>
     <span class='ocr_line' id='line_1_21' title="bbox 73 1206 1253 1256; baseline 0 -13"><span class='ocrx_word' id='word_1_154' title='bbox 73 1207 239 1250; x_wconf 81' lang='lat' dir='ltr'><strong>senserit,</strong></span> <span class='ocrx_word' id='word_1_155' title='bbox 260 1216 412 1255; x_wconf 80' lang='lat' dir='ltr'><strong>apparet</strong></span> <span class='ocrx_word' id='word_1_156' title='bbox 430 1207 468 1243; x_wconf 89' lang='lat' dir='ltr'><strong>in</strong></span> <span class='ocrx_word' id='word_1_157' title='bbox 489 1219 533 1242; x_wconf 91' lang='lat' dir='ltr'><strong>eo</strong></span> <span class='ocrx_word' id='word_1_158' title='bbox 553 1206 659 1250; x_wconf 87' lang='lat' dir='ltr'><strong>libro,</strong></span> <span class='ocrx_word' id='word_1_159' title='bbox 679 1207 717 1242; x_wconf 90' lang='lat' dir='ltr'><strong>in</strong></span> <span class='ocrx_word' id='word_1_160' title='bbox 737 1219 810 1255; x_wconf 91' lang='lat' dir='ltr'><strong>quo</strong></span> <span class='ocrx_word' id='word_1_161' title='bbox 829 1207 998 1249; x_wconf 88' lang='lat' dir='ltr'><strong>moritur,</strong></span> <span class='ocrx_word' id='word_1_162' title='bbox 1019 1208 1063 1243; x_wconf 90' lang='lat' dir='ltr'><strong>de</strong></span> <span class='ocrx_word' id='word_1_163' title='bbox 1083 1220 1158 1255; x_wconf 91' lang='lat' dir='ltr'><strong>quo</strong></span> <span class='ocrx_word' id='word_1_164' title='bbox 1174 1207 1253 1256; x_wconf 83' lang='lat' dir='ltr'><strong>jam</strong></span> 
     </span>
     <span class='ocr_line' id='line_1_22' title="bbox 72 1259 1333 1298; baseline -0.001 -2"><span class='ocrx_word' id='word_1_165' title='bbox 72 1266 148 1296; x_wconf 89' lang='lat' dir='ltr'><strong>tam</strong></span> <span class='ocrx_word' id='word_1_166' title='bbox 166 1260 284 1297; x_wconf 88' lang='lat' dir='ltr'><strong>multa</strong></span> <span class='ocrx_word' id='word_1_167' title='bbox 304 1260 482 1296; x_wconf 86' lang='lat' dir='ltr'><strong>diximus.</strong></span> <span class='ocrx_word' id='word_1_168' title='bbox 541 1259 667 1298; x_wconf 81' lang='lat' dir='ltr'><strong>Quum</strong></span> <span class='ocrx_word' id='word_1_169' title='bbox 688 1260 786 1295; x_wconf 87' lang='lat' dir='ltr'><strong>enirn</strong></span> <span class='ocrx_word' id='word_1_170' title='bbox 807 1260 852 1296; x_wconf 91' lang='lat' dir='ltr'><strong>de</strong></span> <span class='ocrx_word' id='word_1_171' title='bbox 876 1260 1152 1296; x_wconf 79' lang='lat' dir='ltr'><strong>immortalitate</strong></span> <span class='ocrx_word' id='word_1_172' title='bbox 1171 1260 1252 1296; x_wconf 82' lang='lat' dir='ltr'><strong>ani-</strong></span> <span class='ocrx_word' id='word_1_173' title='bbox 1275 1267 1333 1297; x_wconf 83' lang='lat'><strong>103</strong></span> 
     </span>
     <span class='ocr_line' id='line_1_23' title="bbox 71 1313 1252 1362; baseline -0.001 -12"><span class='ocrx_word' id='word_1_174' title='bbox 71 1326 218 1350; x_wconf 84' lang='lat' dir='ltr'><strong>morum</strong></span> <span class='ocrx_word' id='word_1_175' title='bbox 243 1314 510 1362; x_wconf 82' lang='lat' dir='ltr'><strong>disputavisset</strong></span> <span class='ocrx_word' id='word_1_176' title='bbox 535 1319 572 1349; x_wconf 85' lang='lat' dir='ltr'><strong>et</strong></span> <span class='ocrx_word' id='word_1_177' title='bbox 598 1313 676 1360; x_wconf 86' lang='lat' dir='ltr'><strong>jam</strong></span> <span class='ocrx_word' id='word_1_178' title='bbox 708 1313 887 1349; x_wconf 90' lang='lat' dir='ltr'><strong>moriendi</strong></span> <span class='ocrx_word' id='word_1_179' title='bbox 917 1320 1066 1361; x_wconf 85' lang='lat' dir='ltr'><strong>tempus</strong></span> <span class='ocrx_word' id='word_1_180' title='bbox 1093 1320 1252 1361; x_wconf 82' lang='lat' dir='ltr'><strong>urgeret,</strong></span> 
     </span>
     <span class='ocr_line' id='line_1_24' title="bbox 70 1366 1254 1415; baseline 0.001 -13"><span class='ocrx_word' id='word_1_181' title='bbox 70 1374 224 1414; x_wconf 78' lang='lat' dir='ltr'><strong>rogatus</strong></span> <span class='ocrx_word' id='word_1_182' title='bbox 238 1380 259 1403; x_wconf 89' lang='lat' dir='ltr'><strong>a</strong></span> <span class='ocrx_word' id='word_1_183' title='bbox 275 1368 437 1411; x_wconf 87' lang='lat' dir='ltr'><strong>Critone,</strong></span> <span class='ocrx_word' id='word_1_184' title='bbox 455 1367 772 1415; x_wconf 87' lang='lat' dir='ltr'><strong>quemadmodum</strong></span> <span class='ocrx_word' id='word_1_185' title='bbox 793 1366 937 1415; x_wconf 89' lang='lat' dir='ltr'><strong>sepeliri</strong></span> <span class='ocrx_word' id='word_1_186' title='bbox 956 1367 1079 1411; x_wconf 84' lang='lat' dir='ltr'><strong>vellet,</strong></span> <span class='ocrx_word' id='word_1_187' title='bbox 1094 1366 1254 1403; x_wconf 72' lang='lat' dir='ltr'><strong>Multam</strong></span> 
     </span>
     <span class='ocr_line' id='line_1_25' title="bbox 72 1420 1256 1470; baseline 0 -14"><span class='ocrx_word' id='word_1_188' title='bbox 72 1433 168 1464; x_wconf 87' lang='lat' dir='ltr'><strong>vero,</strong></span> <span class='ocrx_word' id='word_1_189' title='bbox 189 1421 322 1469; x_wconf 85' lang='lat' dir='ltr'><strong>inquit,</strong></span> <span class='ocrx_word' id='word_1_190' title='bbox 345 1434 501 1470; x_wconf 84' lang='lat' dir='ltr'><strong>operam,</strong></span> <span class='ocrx_word' id='word_1_191' title='bbox 526 1421 646 1463; x_wconf 83' lang='lat' dir='ltr'><strong>amici,</strong></span> <span class='ocrx_word' id='word_1_192' title='bbox 661 1422 810 1468; x_wconf 87' lang='lat' dir='ltr'><strong>frustra</strong></span> <span class='ocrx_word' id='word_1_193' title='bbox 839 1422 1050 1468; x_wconf 79' lang='lat' dir='ltr'><strong>consumpsi.</strong></span> <span class='ocrx_word' id='word_1_194' title='bbox 1114 1420 1256 1456; x_wconf 79' lang='lat' dir='ltr'><strong>Critoni</strong></span> 
     </span>
     <span class='ocr_line' id='line_1_26' title="bbox 73 1472 1255 1523; baseline 0.001 -14"><span class='ocrx_word' id='word_1_195' title='bbox 73 1475 165 1510; x_wconf 85' lang='lat' dir='ltr'><strong>enim</strong></span> <span class='ocrx_word' id='word_1_196' title='bbox 183 1481 302 1510; x_wconf 79' lang='lat' dir='ltr'><strong>nostro</strong></span> <span class='ocrx_word' id='word_1_197' title='bbox 321 1487 388 1511; x_wconf 88' lang='lat' dir='ltr'><strong>non</strong></span> <span class='ocrx_word' id='word_1_198' title='bbox 402 1476 586 1523; x_wconf 81' lang='lat' dir='ltr'><strong>persuasi,</strong></span> <span class='ocrx_word' id='word_1_199' title='bbox 607 1487 659 1509; x_wconf 82' lang='lat' dir='ltr'><strong>me</strong></span> <span class='ocrx_word' id='word_1_200' title='bbox 688 1474 772 1510; x_wconf 79' lang='lat' dir='ltr'><strong>binc</strong></span> <span class='ocrx_word' id='word_1_201' title='bbox 801 1472 1026 1510; x_wconf 78' lang='lat' dir='ltr'><strong>avolaturum</strong></span> <span class='ocrx_word' id='word_1_202' title='bbox 1049 1487 1164 1523; x_wconf 82' lang='lat' dir='ltr'><strong>neque</strong></span> <span class='ocrx_word' id='word_1_203' title='bbox 1186 1475 1255 1510; x_wconf 79' lang='lat' dir='ltr'><strong>mei</strong></span> 
     </span>
     <span class='ocr_line' id='line_1_27' title="bbox 73 1526 1256 1576; baseline 0 -13"><span class='ocrx_word' id='word_1_204' title='bbox 73 1528 261 1576; x_wconf 81' lang='lat' dir='ltr'><strong>quicquam</strong></span> <span class='ocrx_word' id='word_1_205' title='bbox 293 1527 515 1564; x_wconf 85' lang='lat' dir='ltr'><strong>relicturum.</strong></span> <span class='ocrx_word' id='word_1_206' title='bbox 565 1526 815 1569; x_wconf 76' lang='lat' dir='ltr'><strong>Veruntamen,</strong></span> <span class='ocrx_word' id='word_1_207' title='bbox 840 1528 952 1570; x_wconf 87' lang='lat' dir='ltr'><strong>Crito,</strong></span> <span class='ocrx_word' id='word_1_208' title='bbox 970 1529 1003 1563; x_wconf 90' lang='lat' dir='ltr'><strong>si</strong></span> <span class='ocrx_word' id='word_1_209' title='bbox 1031 1540 1084 1563; x_wconf 85' lang='lat' dir='ltr'><strong>me</strong></span> <span class='ocrx_word' id='word_1_210' title='bbox 1111 1528 1256 1576; x_wconf 81' lang='lat' dir='ltr'><strong>assequi</strong></span> 
     </span>
     <span class='ocr_line' id='line_1_28' title="bbox 67 1580 1251 1629; baseline 0 -13"><span class='ocrx_word' id='word_1_211' title='bbox 67 1583 231 1629; x_wconf 83' lang='lat' dir='ltr'><strong>potueris</strong></span> <span class='ocrx_word' id='word_1_212' title='bbox 261 1587 322 1617; x_wconf 85' lang='lat' dir='ltr'><strong>aut</strong></span> <span class='ocrx_word' id='word_1_213' title='bbox 351 1582 468 1618; x_wconf 80' lang='lat' dir='ltr'><strong>sicubi</strong></span> <span class='ocrx_word' id='word_1_214' title='bbox 494 1586 620 1617; x_wconf 82' lang='lat' dir='ltr'><strong>nactus</strong></span> <span class='ocrx_word' id='word_1_215' title='bbox 651 1582 735 1624; x_wconf 83' lang='lat' dir='ltr'><strong>eris,</strong></span> <span class='ocrx_word' id='word_1_216' title='bbox 757 1587 794 1617; x_wconf 85' lang='lat' dir='ltr'><strong>ut</strong></span> <span class='ocrx_word' id='word_1_217' title='bbox 818 1581 884 1617; x_wconf 88' lang='lat' dir='ltr'><strong>tibi</strong></span> <span class='ocrx_word' id='word_1_218' title='bbox 913 1581 1068 1625; x_wconf 84' lang='lat' dir='ltr'><strong>videtur,</strong></span> <span class='ocrx_word' id='word_1_219' title='bbox 1089 1580 1251 1629; x_wconf 78' lang='lat' dir='ltr'><strong>sepelite.</strong></span> 
     </span>
     <span class='ocr_line' id='line_1_29' title="bbox 74 1632 1253 1683; baseline 0.001 -14"><span class='ocrx_word' id='word_1_220' title='bbox 74 1632 162 1678; x_wconf 81' lang='lat' dir='ltr'><strong>Sed,</strong></span> <span class='ocrx_word' id='word_1_221' title='bbox 182 1635 270 1670; x_wconf 75' lang='lat' dir='ltr'><strong>mibi</strong></span> <span class='ocrx_word' id='word_1_222' title='bbox 290 1635 408 1680; x_wconf 84' lang='lat' dir='ltr'><strong>crede,</strong></span> <span class='ocrx_word' id='word_1_223' title='bbox 429 1647 527 1671; x_wconf 86' lang='lat' dir='ltr'><strong>nemo</strong></span> <span class='ocrx_word' id='word_1_224' title='bbox 546 1647 600 1670; x_wconf 86' lang='lat' dir='ltr'><strong>me</strong></span> <span class='ocrx_word' id='word_1_225' title='bbox 619 1640 784 1678; x_wconf 85' lang='lat' dir='ltr'><strong>vestrum,</strong></span> <span class='ocrx_word' id='word_1_226' title='bbox 807 1646 912 1683; x_wconf 82' lang='lat' dir='ltr'><strong>quum</strong></span> <span class='ocrx_word' id='word_1_227' title='bbox 940 1634 1024 1670; x_wconf 76' lang='lat' dir='ltr'><strong>binc</strong></span> <span class='ocrx_word' id='word_1_228' title='bbox 1053 1647 1253 1678; x_wconf 79' lang='lat' dir='ltr'><strong>eaecessero,</strong></span> 
     </span>
     <span class='ocr_line' id='line_1_30' title="bbox 70 1693 317 1736; baseline 0 -13"><span class='ocrx_word' id='word_1_229' title='bbox 70 1693 317 1736; x_wconf 82' lang='lat' dir='ltr'><strong>consequetur.</strong></span> 
     </span>
    </p>

    <p class='ocr_par' dir='ltr' id='par_1_5' title="bbox 68 1739 1335 2429">
     <span class='ocr_line' id='line_1_31' title="bbox 124 1739 1254 1789; baseline -0.001 -12"><span class='ocrx_word' id='word_1_230' title='bbox 124 1740 306 1777; x_wconf 84' lang='lat' dir='ltr'><strong>Praeclare</strong></span> <span class='ocrx_word' id='word_1_231' title='bbox 331 1741 369 1777; x_wconf 93' lang='lat' dir='ltr'><strong>id</strong></span> <span class='ocrx_word' id='word_1_232' title='bbox 399 1741 562 1789; x_wconf 89' lang='lat' dir='ltr'><strong>quidem,</strong></span> <span class='ocrx_word' id='word_1_233' title='bbox 596 1740 661 1789; x_wconf 86' lang='lat' dir='ltr'><strong>qui</strong></span> <span class='ocrx_word' id='word_1_234' title='bbox 689 1746 726 1776; x_wconf 87' lang='lat' dir='ltr'><strong>et</strong></span> <span class='ocrx_word' id='word_1_235' title='bbox 755 1740 872 1776; x_wconf 88' lang='lat' dir='ltr'><strong>amico</strong></span> <span class='ocrx_word' id='word_1_236' title='bbox 906 1739 1123 1788; x_wconf 87' lang='lat' dir='ltr'><strong>permiserit,</strong></span> <span class='ocrx_word' id='word_1_237' title='bbox 1151 1746 1188 1776; x_wconf 88' lang='lat' dir='ltr'><strong>et</strong></span> <span class='ocrx_word' id='word_1_238' title='bbox 1216 1753 1254 1776; x_wconf 90' lang='lat' dir='ltr'><strong>se</strong></span> 
     </span>
     <span class='ocr_line' id='line_1_32' title="bbox 72 1793 1335 1842; baseline 0 -13"><span class='ocrx_word' id='word_1_239' title='bbox 72 1795 274 1830; x_wconf 88' lang='lat' dir='ltr'><strong>ostenderit</strong></span> <span class='ocrx_word' id='word_1_240' title='bbox 304 1795 348 1831; x_wconf 89' lang='lat' dir='ltr'><strong>de</strong></span> <span class='ocrx_word' id='word_1_241' title='bbox 383 1795 453 1831; x_wconf 89' lang='lat' dir='ltr'><strong>hoc</strong></span> <span class='ocrx_word' id='word_1_242' title='bbox 483 1801 561 1830; x_wconf 89' lang='lat' dir='ltr'><strong>toto</strong></span> <span class='ocrx_word' id='word_1_243' title='bbox 594 1806 727 1842; x_wconf 84' lang='lat' dir='ltr'><strong>genere</strong></span> <span class='ocrx_word' id='word_1_244' title='bbox 760 1793 853 1829; x_wconf 87' lang='lat' dir='ltr'><strong>nihil</strong></span> <span class='ocrx_word' id='word_1_245' title='bbox 880 1793 1059 1830; x_wconf 83' lang='lat' dir='ltr'><strong>laborare.</strong></span> <span class='ocrx_word' id='word_1_246' title='bbox 1117 1793 1256 1830; x_wconf 92' lang='lat' dir='ltr'><strong>Durior</strong></span> <span class='ocrx_word' id='word_1_247' title='bbox 1276 1799 1335 1832; x_wconf 58' lang='lat'><strong>104</strong></span> 
     </span>
     <span class='ocr_line' id='line_1_33' title="bbox 72 1846 1254 1896; baseline -0.001 -13"><span class='ocrx_word' id='word_1_248' title='bbox 72 1847 273 1896; x_wconf 88' lang='lat' dir='ltr'><strong>Diogenes,</strong></span> <span class='ocrx_word' id='word_1_249' title='bbox 304 1854 342 1883; x_wconf 90' lang='lat' dir='ltr'><strong>et</strong></span> <span class='ocrx_word' id='word_1_250' title='bbox 363 1848 394 1883; x_wconf 91' lang='lat' dir='ltr'><strong>is</strong></span> <span class='ocrx_word' id='word_1_251' title='bbox 422 1847 573 1896; x_wconf 89' lang='lat' dir='ltr'><strong>quidem</strong></span> <span class='ocrx_word' id='word_1_252' title='bbox 602 1848 699 1883; x_wconf 82' lang='lat' dir='ltr'><strong>idern</strong></span> <span class='ocrx_word' id='word_1_253' title='bbox 731 1846 905 1890; x_wconf 88' lang='lat' dir='ltr'><strong>sentiens,</strong></span> <span class='ocrx_word' id='word_1_254' title='bbox 926 1847 991 1883; x_wconf 91' lang='lat' dir='ltr'><strong>sed</strong></span> <span class='ocrx_word' id='word_1_255' title='bbox 1018 1854 1060 1882; x_wconf 89' lang='lat' dir='ltr'><strong>ut</strong></span> <span class='ocrx_word' id='word_1_256' title='bbox 1091 1847 1254 1895; x_wconf 84' lang='lat' dir='ltr'><strong>Cynicus</strong></span> 
     </span>
     <span class='ocr_line' id='line_1_34' title="bbox 72 1900 1252 1949; baseline 0 -13"><span class='ocrx_word' id='word_1_257' title='bbox 72 1901 250 1949; x_wconf 86' lang='lat' dir='ltr'><strong>asperius,</strong></span> <span class='ocrx_word' id='word_1_258' title='bbox 287 1901 416 1949; x_wconf 88' lang='lat' dir='ltr'><strong>projici</strong></span> <span class='ocrx_word' id='word_1_259' title='bbox 454 1913 492 1937; x_wconf 92' lang='lat' dir='ltr'><strong>se</strong></span> <span class='ocrx_word' id='word_1_260' title='bbox 524 1900 639 1949; x_wconf 85' lang='lat' dir='ltr'><strong>jussit</strong></span> <span class='ocrx_word' id='word_1_261' title='bbox 672 1900 922 1935; x_wconf 86' lang='lat' dir='ltr'><strong>inhumatum.</strong></span> <span class='ocrx_word' id='word_1_262' title='bbox 991 1900 1088 1936; x_wconf 89' lang='lat' dir='ltr'><strong>Turn</strong></span> <span class='ocrx_word' id='word_1_263' title='bbox 1133 1901 1252 1945; x_wconf 89' lang='lat' dir='ltr'><strong>amici,</strong></span> 
     </span>
     <span class='ocr_line' id='line_1_35' title="bbox 79 1952 1255 2002; baseline 0.002 -14"><span class='ocrx_word' id='word_1_264' title='bbox 79 1952 336 1990; x_wconf 83' lang='lat' dir='ltr'><strong>Volucribusne</strong></span> <span class='ocrx_word' id='word_1_265' title='bbox 357 1960 389 1990; x_wconf 88' lang='lat' dir='ltr'><strong>et</strong></span> <span class='ocrx_word' id='word_1_266' title='bbox 400 1955 498 2002; x_wconf 87' lang='lat' dir='ltr'><strong>seris</strong></span> <span class='ocrx_word' id='word_1_267' title='bbox 511 1955 528 1989; x_wconf 77' lang='lat'><strong>‚7</strong></span> <span class='ocrx_word' id='word_1_268' title='bbox 549 1952 705 1989; x_wconf 70' lang='lat' dir='ltr'><strong>Minime</strong></span> <span class='ocrx_word' id='word_1_269' title='bbox 725 1966 820 1997; x_wconf 88' lang='lat' dir='ltr'><strong>vero,</strong></span> <span class='ocrx_word' id='word_1_270' title='bbox 838 1953 984 2001; x_wconf 86' lang='lat' dir='ltr'><strong>inquit;</strong></span> <span class='ocrx_word' id='word_1_271' title='bbox 1006 1953 1072 1989; x_wconf 82' lang='lat' dir='ltr'><strong>sed</strong></span> <span class='ocrx_word' id='word_1_272' title='bbox 1086 1953 1255 1990; x_wconf 80' lang='lat' dir='ltr'><strong>bacillum</strong></span> 
     </span>
     <span class='ocr_line' id='line_1_36' title="bbox 68 2006 1250 2056; baseline -0.001 -13"><span class='ocrx_word' id='word_1_273' title='bbox 68 2013 224 2056; x_wconf 76' lang='lat' dir='ltr'><strong>propter</strong></span> <span class='ocrx_word' id='word_1_274' title='bbox 242 2020 307 2050; x_wconf 82' lang='lat' dir='ltr'><strong>me,</strong></span> <span class='ocrx_word' id='word_1_275' title='bbox 329 2020 396 2056; x_wconf 81' lang='lat' dir='ltr'><strong>quo</strong></span> <span class='ocrx_word' id='word_1_276' title='bbox 415 2007 569 2056; x_wconf 70' lang='lat' dir='ltr'><strong>abiyam,</strong></span> <span class='ocrx_word' id='word_1_277' title='bbox 586 2009 758 2055; x_wconf 78' lang='lat' dir='ltr'><strong>ponitote.</strong></span> <span class='ocrx_word' id='word_1_278' title='bbox 819 2006 893 2047; x_wconf 79' lang='lat' dir='ltr'><strong>Qui</strong></span> <span class='ocrx_word' id='word_1_279' title='bbox 915 2007 956 2042; x_wconf 85' lang='lat' dir='ltr'><strong>id</strong></span> <span class='ocrx_word' id='word_1_280' title='bbox 973 2008 1144 2055; x_wconf 79' lang='lat' dir='ltr'><strong>poteris?</strong></span> <span class='ocrx_word' id='word_1_281' title='bbox 1173 2007 1250 2051; x_wconf 85' lang='lat' dir='ltr'><strong>illi3</strong></span> 
     </span>
     <span class='ocr_line' id='line_1_37' title="bbox 73 2059 1255 2109; baseline 0 -13"><span class='ocrx_word' id='word_1_282' title='bbox 73 2072 142 2096; x_wconf 82' lang='lat' dir='ltr'><strong>non</strong></span> <span class='ocrx_word' id='word_1_283' title='bbox 176 2063 267 2097; x_wconf 83' lang='lat' dir='ltr'><strong>enim</strong></span> <span class='ocrx_word' id='word_1_284' title='bbox 297 2060 603 2100; x_wconf 79' lang='lat' dir='ltr'><strong>senties.—Quid</strong></span> <span class='ocrx_word' id='word_1_285' title='bbox 639 2061 748 2109; x_wconf 76' lang='lat' dir='ltr'><strong>iyitur</strong></span> <span class='ocrx_word' id='word_1_286' title='bbox 780 2060 869 2096; x_wconf 79' lang='lat' dir='ltr'><strong>mihi</strong></span> <span class='ocrx_word' id='word_1_287' title='bbox 890 2062 1059 2108; x_wconf 82' lang='lat' dir='ltr'><strong>serarum</strong></span> <span class='ocrx_word' id='word_1_288' title='bbox 1097 2059 1255 2096; x_wconf 82' lang='lat' dir='ltr'><strong>laniatus</strong></span> 
     </span>
     <span class='ocr_line' id='line_1_38' title="bbox 73 2113 1253 2161; baseline 0 -12"><span class='ocrx_word' id='word_1_289' title='bbox 73 2113 187 2150; x_wconf 84' lang='lat' dir='ltr'><strong>oberit</strong></span> <span class='ocrx_word' id='word_1_290' title='bbox 207 2114 300 2150; x_wconf 81' lang='lat' dir='ltr'><strong>nihil</strong></span> <span class='ocrx_word' id='word_1_291' title='bbox 317 2115 483 2150; x_wconf 79' lang='lat' dir='ltr'><strong>sentienti</strong></span> <span class='ocrx_word' id='word_1_292' title='bbox 500 2114 516 2149; x_wconf 78' lang='lat'><em>?</em></span> <span class='ocrx_word' id='word_1_293' title='bbox 572 2114 755 2150; x_wconf 84' lang='lat' dir='ltr'><strong>Praeclare</strong></span> <span class='ocrx_word' id='word_1_294' title='bbox 774 2114 1031 2161; x_wconf 83' lang='lat' dir='ltr'><strong>Anaxagoras,</strong></span> <span class='ocrx_word' id='word_1_295' title='bbox 1053 2113 1117 2161; x_wconf 92' lang='lat' dir='ltr'><strong>qui</strong></span> <span class='ocrx_word' id='word_1_296' title='bbox 1137 2125 1253 2161; x_wconf 89' lang='lat' dir='ltr'><strong>quum</strong></span> 
     </span>
     <span class='ocr_line' id='line_1_39' title="bbox 73 2166 1251 2215; baseline -0.001 -13"><span class='ocrx_word' id='word_1_297' title='bbox 73 2166 270 2215; x_wconf 84' lang='lat' dir='ltr'><strong>Lampsaci</strong></span> <span class='ocrx_word' id='word_1_298' title='bbox 285 2174 499 2210; x_wconf 88' lang='lat' dir='ltr'><strong>moreretur,</strong></span> <span class='ocrx_word' id='word_1_299' title='bbox 516 2168 770 2214; x_wconf 87' lang='lat' dir='ltr'><strong>quaerentibus</strong></span> <span class='ocrx_word' id='word_1_300' title='bbox 785 2167 924 2210; x_wconf 87' lang='lat' dir='ltr'><strong>amicis,</strong></span> <span class='ocrx_word' id='word_1_301' title='bbox 941 2166 1100 2202; x_wconf 85' lang='lat' dir='ltr'><strong>velletne</strong></span> <span class='ocrx_word' id='word_1_302' title='bbox 1116 2166 1251 2202; x_wconf 87' lang='lat' dir='ltr'><strong>Clazo-</strong></span> 
     </span>
     <span class='ocr_line' id='line_1_40' title="bbox 72 2218 1253 2268; baseline -0.002 -12"><span class='ocrx_word' id='word_1_303' title='bbox 72 2233 200 2256; x_wconf 91' lang='lat' dir='ltr'><strong>menas</strong></span> <span class='ocrx_word' id='word_1_304' title='bbox 235 2221 272 2256; x_wconf 92' lang='lat' dir='ltr'><strong>in</strong></span> <span class='ocrx_word' id='word_1_305' title='bbox 308 2221 476 2268; x_wconf 85' lang='lat' dir='ltr'><strong>patriam,</strong></span> <span class='ocrx_word' id='word_1_306' title='bbox 511 2221 541 2255; x_wconf 85' lang='lat' dir='ltr'><strong>si</strong></span> <span class='ocrx_word' id='word_1_307' title='bbox 577 2221 665 2268; x_wconf 91' lang='lat' dir='ltr'><strong>quid</strong></span> <span class='ocrx_word' id='word_1_308' title='bbox 699 2220 902 2263; x_wconf 88' lang='lat' dir='ltr'><strong>accidisset,</strong></span> <span class='ocrx_word' id='word_1_309' title='bbox 937 2219 1092 2255; x_wconf 82' lang='lat' dir='ltr'><strong>auferri:</strong></span> <span class='ocrx_word' id='word_1_310' title='bbox 1139 2218 1253 2255; x_wconf 73' lang='lat' dir='ltr'><strong>Nihil</strong></span> 
     </span>
     <span class='ocr_line' id='line_1_41' title="bbox 75 2273 1253 2323; baseline -0.001 -14"><span class='ocrx_word' id='word_1_311' title='bbox 75 2286 217 2310; x_wconf 82' lang='lat' dir='ltr'><strong>necesse</strong></span> <span class='ocrx_word' id='word_1_312' title='bbox 241 2279 304 2316; x_wconf 87' lang='lat' dir='ltr'><strong>est,</strong></span> <span class='ocrx_word' id='word_1_313' title='bbox 323 2274 469 2321; x_wconf 91' lang='lat' dir='ltr'><strong>inquit;</strong></span> <span class='ocrx_word' id='word_1_314' title='bbox 502 2273 659 2323; x_wconf 81' lang='lat' dir='ltr'><strong>undique</strong></span> <span class='ocrx_word' id='word_1_315' title='bbox 688 2276 779 2310; x_wconf 83' lang='lat' dir='ltr'><strong>enim</strong></span> <span class='ocrx_word' id='word_1_316' title='bbox 807 2274 857 2309; x_wconf 84' lang='lat' dir='ltr'><strong>ad</strong></span> <span class='ocrx_word' id='word_1_317' title='bbox 884 2273 1020 2320; x_wconf 82' lang='lat' dir='ltr'><strong>inferos</strong></span> <span class='ocrx_word' id='word_1_318' title='bbox 1048 2273 1253 2308; x_wconf 83' lang='lat' dir='ltr'><strong>tantundem</strong></span> 
     </span>
     <span class='ocr_line' id='line_1_42' title="bbox 76 2326 1254 2374; baseline -0.001 -12"><span class='ocrx_word' id='word_1_319' title='bbox 76 2328 152 2363; x_wconf 83' lang='lat' dir='ltr'><strong>viae</strong></span> <span class='ocrx_word' id='word_1_320' title='bbox 171 2333 234 2363; x_wconf 87' lang='lat' dir='ltr'><strong>est.</strong></span> <span class='ocrx_word' id='word_1_321' title='bbox 283 2328 451 2374; x_wconf 88' lang='lat' dir='ltr'><strong>Totaque</strong></span> <span class='ocrx_word' id='word_1_322' title='bbox 465 2327 509 2362; x_wconf 91' lang='lat' dir='ltr'><strong>de</strong></span> <span class='ocrx_word' id='word_1_323' title='bbox 521 2327 662 2363; x_wconf 85' lang='lat' dir='ltr'><strong>ratione</strong></span> <span class='ocrx_word' id='word_1_324' title='bbox 673 2326 900 2363; x_wconf 86' lang='lat' dir='ltr'><strong>humationis</strong></span> <span class='ocrx_word' id='word_1_325' title='bbox 915 2338 1033 2362; x_wconf 89' lang='lat' dir='ltr'><strong>unum</strong></span> <span class='ocrx_word' id='word_1_326' title='bbox 1049 2327 1254 2361; x_wconf 88' lang='lat' dir='ltr'><strong>tenendum</strong></span> 
     </span>
     <span class='ocr_line' id='line_1_43' title="bbox 76 2379 1253 2429; baseline -0.001 -14"><span class='ocrx_word' id='word_1_327' title='bbox 76 2386 144 2423; x_wconf 87' lang='lat' dir='ltr'><strong>est,</strong></span> <span class='ocrx_word' id='word_1_328' title='bbox 163 2381 208 2416; x_wconf 88' lang='lat' dir='ltr'><strong>ad</strong></span> <span class='ocrx_word' id='word_1_329' title='bbox 229 2392 362 2429; x_wconf 89' lang='lat' dir='ltr'><strong>corpus</strong></span> <span class='ocrx_word' id='word_1_330' title='bbox 380 2380 483 2416; x_wconf 89' lang='lat' dir='ltr'><strong>illam</strong></span> <span class='ocrx_word' id='word_1_331' title='bbox 501 2380 696 2428; x_wconf 87' lang='lat' dir='ltr'><strong>pertinere,</strong></span> <span class='ocrx_word' id='word_1_332' title='bbox 717 2381 795 2416; x_wconf 84' lang='lat' dir='ltr'><strong>sive</strong></span> <span class='ocrx_word' id='word_1_333' title='bbox 814 2379 988 2415; x_wconf 86' lang='lat' dir='ltr'><strong>occiderit</strong></span> <span class='ocrx_word' id='word_1_334' title='bbox 1006 2379 1151 2416; x_wconf 88' lang='lat' dir='ltr'><strong>animus</strong></span> <span class='ocrx_word' id='word_1_335' title='bbox 1177 2379 1253 2415; x_wconf 90' lang='lat' dir='ltr'><strong>sive</strong></span> 
     </span>
    </p>
   </div>
  </div>
 </body>
</html>
