1471 2585
60 93 124 138 35,
146 89 234 143 36.]
400 103 500 128 Boon
529 103 589 127 111.
611 103 728 128 anP.
754 93 920 131 15—-17,
1197 91 1243 130 75

59 199 256 248 elevetque
289 198 562 247 aegritudinem,
597 210 710 246 quam
742 204 922 247 perpetua
952 198 992 234 in
1029 196 1133 233 omni
1169 196 1246 234 vita

54 253 246 303 cogitatio,
268 252 359 288 nihil
378 265 457 287 esse
475 252 576 299 quod
594 264 668 287 non
692 252 856 288 accidere
882 251 1011 300 possit,
1032 263 1144 299 quam
1168 262 1245 286 me-

60 306 190 342 ditatio
210 306 432 342 conditionis
453 305 640 349 humanae,
662 318 773 353 quam
802 306 892 342 vitae
920 305 985 341 lex
1015 310 1245 341 commenta-

59 360 186 407 tioque
201 359 367 407 parendi,
385 372 472 407 quae
485 371 558 394 non
574 358 643 395 hoc
659 358 775 402 affert,
791 365 835 395 ut
850 372 994 407 semper
1008 369 1244 401 maereamus‚

48 413 125 448 sed
143 419 186 448 ut
205 425 423 460 numquam.
469 412 601 460 Neque
622 412 733 455 enim,
754 413 817 460 qui
838 425 959 448 rerum
980 419 1163 454 naturam,
1179 411 1245 459 qui

59 466 148 502 vitae
168 466 396 509 varietatem,
413 465 480 513 qui
496 465 790 501 imbecillitatem
805 466 950 514 generis
969 465 1122 501 humani
1143 464 1244 513 cogi-

59 525 124 562 tat,
153 528 297 563 maeret,
319 532 435 568 quum
468 519 552 555 haec
583 519 744 567 cogitat;
777 520 841 555 sed
875 526 956 555 tum
988 519 1046 554 vel
1079 519 1244 555 maxime

59 572 253 621 sapientiae
289 573 458 622 fungitur
494 585 660 608 munere.
725 572 940 621 Utrumque
977 573 1076 608 enim
1114 584 1244 608 conse-

58 626 197 674 quitur,
219 634 262 662 ut
291 633 328 662 et
353 626 629 662 considerandis
658 627 769 662 rebus
798 625 972 662 humanis
992 626 1140 674 proprio
1160 625 1243 674 phi-

57 678 240 727 losophiae
283 679 428 716 fruatur
470 679 604 723 officio,
641 687 678 716 et
719 680 883 716 adversis
919 680 1067 716 casibus
1110 679 1245 727 triplici

59 733 313 769 consolatione
343 740 519 769 sanetur:
554 733 715 781 primum
745 733 847 781 quod
870 746 979 781 posse
997 733 1159 768 accidere
1180 733 1243 769 diu

58 786 286 834 cogitaverit,
308 800 396 835 quae
416 786 588 835 cogitatio
608 799 684 822 una
711 787 876 822 maxime
904 787 1094 822 molestias
1115 799 1244 822 omnes

57 846 240 876 extenuat
258 846 295 876 et
313 841 444 885 diluit;
467 840 599 876 deinde
619 840 720 888 quod
737 839 901 876 humana
915 841 1079 876 humane
1094 840 1245 875 ferenda

58 892 258 942 intelligit3
289 901 478 942 postremo
499 894 600 941 quod
619 894 721 929 videt
739 894 879 929 malum
899 894 1046 929 nullum
1067 906 1146 930 esse
1173 893 1244 929 nisi

58 947 230 995 culpam3
263 948 410 995 culpam
429 954 554 984 autem
574 948 716 983 nullam
735 960 827 991 esse,
850 960 967 996 quum
996 947 1046 991 id,
1068 947 1167 996 quod
1197 947 1243 983 ab

57 999 208 1036 homine
227 1013 302 1037 non
321 1001 485 1049 potuerit
503 1001 681 1049 praestari,
702 1001 878 1036 evenerit.
935 1001 1031 1036 Nam
1059 1001 1243 1036 revocatio

59 1053 135 1097 illa,
156 1066 269 1102 quam
301 1055 418 1098 affert,
439 1066 557 1102 quum
587 1067 609 1090 a
635 1054 856 1090 contuendis
885 1067 953 1090 nos
972 1054 1080 1090 malis
1100 1061 1243 1097 avocat,

59 1106 166 1142 nulla
184 1114 252 1143 est.
293 1107 379 1143 Non
395 1114 451 1143 est
470 1107 568 1143 enim
583 1107 620 1143 in
641 1114 768 1143 nostra
782 1115 977 1155 potestate,
994 1107 1244 1144 fodicantibus

58 1159 105 1195 iis
134 1160 257 1203 rebus,
288 1173 381 1208 quas
414 1161 531 1196 malas
561 1173 641 1196 esse
671 1160 876 1208 opinemur,
907 1161 1155 1196 dissimulatio
1188 1161 1246 1196 vel

59 1212 223 1250 oblivio:
253 1214 427 1257 lacerant,
448 1220 600 1257 vexant,
622 1213 792 1250 stimulos
820 1214 1032 1257 admovent,
1052 1214 1158 1262 ignes
1178 1214 1244 1250 ad-

58 1265 201 1311 hibent,
233 1267 411 1315 respirare
440 1279 516 1303 non
551 1267 692 1303 sinunt.
749 1267 801 1303 Et
837 1274 880 1303 tu
917 1267 1087 1303 oblivisci
1118 1267 1242 1315 jubes,

59 1320 160 1368 quod
180 1327 306 1357 contra
325 1327 496 1356 naturam
513 1327 581 1364 est,
603 1321 680 1369 qui,
703 1320 804 1368 quod
823 1333 845 1356 a
866 1328 999 1356 natura
1026 1321 1155 1356 datum
1175 1328 1243 1364 est,

59 1373 244 1410 auxilium
264 1382 487 1422 extorqueas
507 1374 702 1410 inveterati
721 1371 887 1410 doloris?
933 1374 1002 1410 Est
1022 1375 1121 1410 enim
1141 1375 1245 1410 tarda

57 1426 124 1462 illa
155 1427 305 1475 quidem
339 1427 534 1471 medicina,
566 1428 631 1463 sed
661 1434 786 1464 tamen
816 1439 962 1475 magna,
997 1440 1110 1476 quam
1139 1428 1246 1464 affert

57 1479 314 1529 longinquitas
333 1488 370 1517 et
388 1481 479 1517 dies.
535 1481 652 1517 Jubes
671 1493 730 1516 me
755 1481 853 1517 bona
881 1482 1053 1529 cogitare,
1073 1481 1244 1517 oblivisci

57 1534 255 1571 malorum.
312 1535 467 1570 Diceres
484 1534 627 1582 aliquid
644 1541 680 1570 et
696 1547 830 1583 magno
850 1534 1001 1582 quidem
1022 1534 1244 1582 philosopho

58 1587 228 1635 dignum,
256 1587 287 1623 si
314 1601 357 1624 ea
387 1588 485 1624 bona
517 1600 597 1624 esse
628 1588 794 1632 sentires,
825 1601 910 1636 quae
940 1595 1064 1624 essent
1093 1588 1243 1624 homine

52 1640 287 1689 dignissima.

111 1693 246 1730 XVII.
277 1694 509 1743 Pythagoras
541 1695 631 1731 mihi
661 1695 692 1731 si
723 1695 859 1731 diceret
888 1701 952 1731 aut
981 1696 1150 1732 Socrates
1177 1701 1266 1731 aut·

59 1746 192 1784 Plato:
230 1748 333 1787 Quid
362 1748 494 1796 jaces?
526 1756 593 1785 aut
629 1748 719 1796 quid
757 1748 918 1784 maeres?
955 1754 1021 1783 aut
1055 1761 1120 1784 cur
1156 1761 1241 1785 suc-

58 1801 204 1837 cumbis
237 1802 411 1849 cedisque
442 1801 631 1838 fortunae?
662 1814 748 1851 quae
781 1802 983 1850 pervellere
1015 1808 1051 1837 te
1087 1802 1242 1838 forsitan

58 1854 223 1902 potuerit
253 1862 291 1890 et
323 1867 500 1902 pungere,
535 1868 610 1890 non
639 1856 762 1903 potuit
796 1862 891 1891 certe
927 1855 1023 1890 vires
1059 1855 1240 1904 frangere.

59 1907 200 1956 Magna
229 1907 286 1943 vis
319 1914 375 1943 est
406 1908 444 1943 in
477 1908 702 1952 virtutibus3
734 1920 795 1944 eas
825 1908 959 1952 excita,
980 1908 1011 1943 si
1035 1909 1128 1945 forte
1157 1909 1242 1945 dor-

57 1960 194 1996 miunt.
250 1961 332 1997 Jam
369 1960 438 1996 tibi
475 1961 592 1997 aderit
627 1962 797 2010 princeps
834 1962 1045 2006 Fortitudo,
1083 1975 1169 2010 quae
1206 1968 1242 1998 te

58 2013 183 2050 animo
212 2020 316 2050 tanto
346 2026 425 2049 esse
459 2020 576 2062 coget,
598 2022 640 2050 ut
667 2015 803 2058 omnia,
825 2028 910 2064 quae
939 2016 1083 2063 possint
1101 2015 1242 2051 homini

58 2067 217 2110 evenire,
239 2074 455 2103 contemnas
474 2074 510 2102 et
528 2079 592 2115 pro
612 2067 728 2104 nihilo
745 2076 867 2117 putes.
924 2069 1057 2105 Aderit
1081 2069 1242 2116 Tempe-

58 2120 188 2164 rantia,
208 2133 295 2168 quae
315 2128 372 2156 est
396 2120 523 2156 eadem
553 2122 768 2166 moderatio,
796 2135 817 2158 a
845 2135 905 2158 me
931 2121 1083 2170 quidem
1115 2121 1242 2169 paullo

59 2180 145 2209 ante
179 2174 364 2221 appellata
394 2173 598 2222 frugalitaS‚
632 2187 719 2223 quae
754 2182 789 2211 te
819 2176 974 2223 turpiter
1007 2183 1043 2210 et
1072 2175 1244 2222 nequiter

58 2227 176 2262 facere
197 2227 289 2262 nihil
307 2227 480 2275 patiatur.
539 2227 641 2266 Quid
662 2235 718 2264 est
735 2236 861 2265 autem
883 2229 1044 2276 nequius
1072 2237 1136 2264 aut
1163 2236 1242 2264 tur-

59 2279 144 2326 pius
164 2279 376 2316 effeminato
395 2280 501 2315 viro?
559 2280 617 2316 Ne
636 2281 787 2318 Justitia
805 2282 957 2330 quidem
985 2281 1081 2317 sinet
1109 2288 1143 2317 te
1171 2282 1244 2317 ista

58 2332 188 2377 facere,
222 2333 282 2369 cui
310 2333 507 2369 minimum
539 2346 618 2370 esse
649 2335 795 2371 videtur
823 2335 862 2370 in
891 2335 959 2370 hac
997 2347 1126 2370 caussa
1156 2335 1240 2377 loci,

60 2395 147 2433 quae
166 2392 290 2423 tamen
314 2387 367 2423 ita
385 2387 495 2431 dicet,
515 2387 711 2436 dupliciter
738 2400 817 2425 esse
846 2394 881 2424 te
909 2387 1102 2436 injustum,
1123 2399 1241 2436 quum

614 2453 642 2478 H
663 2443 686 2477 2

1262 1013 1301 1042 35
