1471 2585
149 240 188 269 52

151 828 190 857 53

209 126 255 162 18
523 137 726 162 TUSCULAN
755 136 1056 162 D1SPUTAT10NS.
1193 120 1383 174 [52—55.

260 231 331 267 Est
354 231 448 268 illud
477 232 628 280 quidem
647 232 708 268 vel
736 232 957 276 maximum,
978 230 1101 267 animo
1119 231 1202 280 ipso
1219 232 1384 268 animum

207 285 342 329 videre,
360 292 396 321 et
416 286 589 321 nimirum
609 286 704 322 hanc
719 285 831 322 habet
844 286 920 321 vim
941 293 1168 333 praeceptum
1184 285 1385 334 Apollinis,

206 351 281 387 quo
301 346 439 382 monet,
459 345 501 375 ut
520 351 557 375 se
577 339 736 387 quisque
764 346 903 375 noscat.
962 338 1048 375 Non
1077 340 1187 383 enim,
1208 340 1328 384 credo,
1347 339 1386 375 id

207 392 386 440 praecipit,
408 399 451 428 ut
469 393 636 429 membra
653 400 778 428 nostra
797 399 861 428 aut
879 399 1058 428 staturam
1077 392 1281 441 figuramve
1297 403 1385 428 nos-

207 458 346 482 camuS.
406 446 538 494 Neque
570 458 638 482 nos
667 458 819 494 corpora
847 458 988 490 sumus,
1014 458 1080 481 nec
1113 457 1180 493 ego
1210 446 1277 481 tibi
1303 445 1387 482 haec

207 499 334 536 dicens
363 499 505 547 corpori
535 505 601 535 tuo
633 500 728 535 dico.
785 499 915 538 Quum
944 499 1068 547 igitur,
1090 511 1193 535 nosce
1218 505 1264 542 te,
1283 499 1386 542 dicit,

207 553 277 588 hoc
307 553 406 596 dicit,
438 565 542 589 nosce
573 554 729 589 animum
763 558 872 589 tuum.
931 552 1029 588 Nam
1067 564 1198 600 corpus
1235 553 1386 600 quidem

208 606 314 654 quasi
335 618 399 641 vas
419 613 475 642 est
493 612 557 642 aut
576 607 727 654 aliquod
747 606 860 642 animi
878 605 1176 654 receptaculum;
1199 606 1244 641 ab
1263 605 1387 642 animo

209 666 273 695 tuo
293 660 469 708 quicquid
489 660 620 708 agitur,
640 661 678 696 id
706 660 828 708 agitur
851 672 872 695 a
899 666 948 696 te.
1006 658 1121 695 Hunc
1148 659 1260 707 igitur
1278 671 1388 695 nosse

207 713 279 748 nisi
300 713 468 748 divinum
486 719 595 757 esset,
616 726 689 750 non
709 720 807 749 esset
820 713 890 749 hoc
905 712 1051 749 acrioris
1067 712 1259 761 cujusdam
1275 712 1389 749 animi

207 774 450 815 praeceptum,
472 766 523 802 sic
541 774 585 803 ut
602 768 784 803 tributum
804 767 873 802 deo
893 766 952 802 sit.

263 820 338 856 Sed
357 821 399 865 si,
421 820 541 868 qualis
572 821 620 856 sit
650 821 808 863 animus,
838 819 918 868 ipse
948 819 1094 855 animus
1122 819 1287 855 nesciet:
1317 819 1388 861 dic,

209 885 352 921 quaeso,
373 886 420 909 ne
439 886 518 909 esse
538 874 687 922 quidem
708 886 745 910 se
765 873 885 909 sciet?
915 885 962 908 ne
981 873 1121 908 moveri
1140 873 1289 920 quidem
1318 872 1387 908 se?

209 939 258 962 ex
278 939 354 975 quo
374 927 438 962 illa
455 927 547 963 ratio
566 934 653 964 nata
671 933 727 963 est
746 927 926 970 Platonis,
947 939 1034 974 quae
1054 938 1075 961 a
1094 927 1243 962 Socrate
1271 933 1327 962 est
1350 926 1390 961 in

210 980 371 1016 Phaedro
391 980 588 1028 explicata,
609 993 629 1017 a
647 993 707 1017 me
723 987 847 1016 autem
866 979 988 1029 posita
1009 986 1066 1015 est
1093 980 1129 1015 in
1159 985 1267 1016 sexto
1295 979 1390 1016 libro

210 1035 254 1069 de
275 1034 333 1070 Re
355 1034 527 1081 publica:

262 1087 421 1123 XXIII.
453 1090 475 1106 “
493 1087 606 1126 Quod
625 1098 769 1135 semper
787 1093 968 1130 movetur,
988 1092 1169 1122 aeternum
1190 1092 1268 1129 est3
1290 1086 1392 1133 quod

209 1148 333 1177 autem
353 1147 497 1176 motum
519 1140 622 1175 affert
638 1140 760 1183 alicui,
781 1141 956 1188 quodque
984 1139 1107 1187 ipsum
1135 1139 1295 1188 agitatur
1322 1139 1391 1176 ali-

210 1195 342 1236 cunde,
363 1194 512 1241 quando
533 1194 642 1229 finem
663 1193 776 1230 habet
793 1201 930 1236 motus,
950 1192 1100 1228 vivendi
1118 1192 1231 1228 finem
1257 1192 1394 1229 habeat

210 1260 360 1283 necesse
381 1254 449 1283 est.
507 1247 638 1283 Solum
656 1247 780 1294 igitur,
801 1247 902 1295 quod
926 1259 963 1282 se
991 1246 1114 1294 ipsum
1143 1252 1280 1289 movet,
1302 1245 1390 1293 quia

211 1313 416 1348 numquam
438 1300 618 1335 deseritur
647 1313 668 1334 a
698 1313 748 1341 se,
769 1312 976 1347 numquam
1005 1311 1050 1334 ne
1080 1299 1220 1335 moveri
1239 1299 1392 1347 quidem

211 1355 356 1398 desinit,
377 1354 467 1401 quin
487 1354 596 1389 etiarn
617 1354 760 1396 ceteris,
781 1366 867 1401 quae
890 1360 1100 1395 moventur,
1121 1352 1180 1388 hic
1207 1352 1302 1396 sons,
1321 1351 1392 1389 hoc

153 1416 193 1444 54
212 1407 431 1455 principium
472 1413 528 1442 est
563 1406 750 1442 movendi.
821 1406 999 1454 Principii
1035 1413 1159 1441 autem
1196 1405 1302 1441 nulla
1336 1411 1395 1442 est

155 2429 194 2457 55

211 1461 325 1505 origo.
383 1460 478 1496 Nam
510 1472 529 1495 e
555 1459 734 1507 principio
759 1459 928 1495 oriuntur
960 1459 1094 1502 omnia,
1114 1459 1236 1507 ipsum
1267 1465 1393 1495 autern

211 1514 316 1550 nulla
334 1525 382 1549 ex
414 1525 452 1548 re
482 1513 554 1548 alia
583 1513 683 1548 nasci
709 1520 843 1561 potest,
865 1525 931 1548 nec
959 1512 1058 1548 enim
1083 1519 1180 1548 esset
1198 1512 1237 1548 id
1256 1512 1392 1560 princi-

210 1568 327 1615 pium,
359 1567 459 1615 quod
495 1566 708 1614 gigneretur
745 1566 906 1602 aliunde.
969 1566 1081 1604 Quod
1119 1566 1148 1601 si
1185 1577 1392 1613 numquam

211 1621 338 1664 oritur,
369 1633 414 1656 ne
444 1620 578 1655 occidit
608 1619 758 1667 quidem
791 1631 983 1667 umquam.
1040 1618 1137 1654 Nam
1170 1619 1393 1667 principium

212 1674 439 1710 exstinctum
458 1685 526 1709 nec
541 1674 664 1721 ipsum
685 1673 730 1708 ab
749 1673 822 1708 alio
841 1679 1062 1715 renascetur,
1083 1684 1151 1708 nec
1169 1684 1216 1708 ex
1238 1684 1277 1708 se
1289 1672 1390 1709 aliud

212 1728 361 1770 creabit,
395 1726 577 1775 siquidem
610 1738 759 1762 necesse
789 1734 846 1762 est
874 1739 895 1762 a
927 1726 1106 1774 principio
1137 1725 1221 1761 oriri
1253 1725 1391 1762 omnia.

213 1780 274 1816 Ita
293 1781 346 1824 fit,
367 1787 409 1816 ut
428 1786 553 1816 motus
572 1779 796 1828 principium
817 1791 864 1816 ex
885 1791 927 1815 eo
956 1779 1015 1822 sit,
1036 1779 1136 1827 quod
1161 1779 1286 1827 ipsum
1311 1791 1333 1814 a
1355 1791 1394 1816 se

212 1840 405 1877 movetur3
436 1833 474 1868 id
493 1840 616 1869 autem
637 1845 705 1869 nec
724 1833 826 1869 nasci
846 1839 968 1881 potest
987 1845 1053 1868 nec
1072 1831 1164 1868 mori
1183 1846 1192 1876 ς
1225 1831 1283 1868 vel
1303 1844 1392 1868 con-

213 1886 311 1922 cidat
342 1898 451 1921 omne
485 1885 621 1922 caelum
654 1887 848 1935 omnisque
878 1893 1010 1922 natura
1040 1886 1215 1921 consistat
1243 1897 1394 1922 necesse

213 1946 281 1983 est,
314 1952 381 1975 nec
412 1939 485 1975 vim
520 1939 634 1975 ullam
664 1940 912 1983 nanciscatur,
936 1951 1011 1987 qua
1038 1950 1059 1974 a
1088 1939 1206 1987 primo
1235 1938 1397 1986 impulsa

213 2000 418 2029 moveatur.
477 1992 606 2030 Quum
624 2000 749 2040 pateat
767 1993 892 2041 igitur,
914 2000 1095 2028 aeternum
1124 1992 1162 2028 id
1181 2003 1273 2035 esse,
1294 1992 1395 2039 quod

214 2059 253 2082 se
281 2047 405 2094 ipsum
434 2052 606 2082 moveat:
637 2046 722 2093 quis
750 2050 819 2090 est,
850 2046 913 2094 qui
945 2046 1039 2082 hanc
1068 2051 1238 2081 naturam
1263 2045 1396 2081 animis

214 2112 293 2135 esse
313 2099 489 2136 tributam
509 2099 644 2147 neget?
703 2098 916 2135 Inanimum
945 2106 1000 2135 est
1028 2098 1126 2134 enim
1153 2110 1274 2142 omne,
1295 2098 1397 2146 quod

213 2153 326 2200 pulsu
346 2154 507 2200 agitatur
526 2159 682 2187 externo
699 2166 708 2196 3
731 2153 830 2199 quod
850 2159 975 2188 autem
995 2159 1050 2188 est
1069 2151 1216 2194 animal,
1233 2151 1270 2186 id
1288 2158 1396 2187 motu

214 2205 332 2241 cietur
360 2206 531 2241 interiore
563 2212 598 2241 et
631 2217 710 2241 suo·
760 2205 856 2241 Narn
891 2206 972 2242 haec
1000 2213 1056 2241 est
1085 2205 1230 2252 propria
1262 2210 1397 2240 natura

213 2259 326 2294 animi
357 2265 468 2306 atque
496 2258 577 2295 vis:
607 2270 692 2306 quae
722 2258 752 2294 si
780 2266 836 2294 est
864 2271 938 2294 una
966 2271 1013 2294 ex
1043 2258 1230 2301 omnibus,
1251 2269 1337 2305 quae
1357 2270 1396 2294 se

214 2312 294 2360 ipsa
316 2324 467 2360 §emper
496 2318 656 2354 moveat,
688 2323 808 2359 neque
841 2319 928 2348 nata
959 2318 1054 2348 certe
1092 2317 1148 2347 est
1184 2317 1224 2347 et
1256 2316 1397 2347 aeterna

214 2365 308 2401 est.''

267 2418 375 2455 Licet
394 2426 613 2454 concurrant
640 2429 768 2454 omnes
796 2418 932 2466 plebeii
958 2417 1169 2467 philosophi
1196 2414 1268 2465 (sic
1294 2416 1395 2454 enim
