1471 2585
196 95 246 131 88
513 105 718 130 'ruscumm
747 104 1044 130 DISPUTATIONS.
1186 90 1374 142 [74—76.

195 199 263 248 qui
281 200 383 237 avari
402 212 543 243 avarOS‚
563 199 692 248 gloriae
725 199 879 249 cupidos
907 199 1058 248 gloriosi
1085 200 1375 248 reprehendunt.

197 253 268 289 Est
285 254 384 290 enim
407 253 594 302 proprium
615 253 796 298 stultitiae,
817 253 974 289 aliorum
995 254 1084 290 vitia
1100 266 1259 297 cernere,
1280 254 1377 290 obli-

140 312 181 344 74
197 306 287 343 visci
306 320 470 343 suorum.
529 307 603 342 Sed
621 306 796 343 nimirum
816 306 884 342 hoc
910 307 1117 342 maximum
1145 313 1202 342 est
1229 307 1378 355 experi-

197 366 378 402 mentum,
399 373 515 408 quum
537 367 681 396 constet
700 359 958 408 aegritudinem
975 367 1159 396 vetustate
1175 360 1266 403 tolli,
1281 361 1376 397 hanc

196 413 272 449 vim
290 426 363 449 non
383 426 463 449 esse
482 413 519 449 in
539 413 597 449 die
617 413 786 461 positam,
806 413 868 449 sed
889 413 925 448 in
946 413 1168 462 cogitatione
1187 414 1375 450 diuturna.

196 466 295 502 Nam
316 466 346 502 si
366 474 402 502 et
421 467 549 502 eadem
580 479 636 502 res
662 474 718 502 est
745 474 782 503 et
802 466 901 502 idem
928 473 984 502 est
1001 467 1112 502 homo
1131 480 1139 503 :
1170 467 1233 514 qui
1256 473 1379 515 potest

196 520 395 568 quicquam
415 520 460 556 de
479 520 606 555 dolore
625 520 772 563 mutari,
795 520 958 567 sineque
973 520 1018 556 de
1038 532 1092 563 eo,
1113 527 1262 568 propter
1276 521 1377 569 quod

196 573 309 617 dolet,
330 573 531 621 quicquam
551 579 607 608 est
629 579 826 616 mutatum,
848 585 969 620 neque
997 573 1042 609 de
1071 586 1127 617 e0,
1155 573 1219 620 qui
1247 573 1375 609 dolet?

197 626 383 674 Cogitatio
409 627 522 675 igitur
551 627 736 668 diuturna,
763 626 855 662 nihil
882 639 962 662 esse
991 626 1028 662 in
1063 639 1100 662 re
1130 626 1230 670 mali,
1258 626 1378 664 dolori

194 680 376 723 medetur,
396 692 468 715 non
490 680 569 728 ipsa
589 679 826 716 diuturnitas,

248 732 400 769 XXXI.
433 733 506 768 Hic
544 732 634 768 mihi
672 733 831 769 afferunt
866 732 1150 769 mediocritates,
1209 733 1309 772 Quae
1346 733 1377 769 si

193 786 380 822 naturales
417 793 516 829 sunt,
553 786 644 833 quid
677 799 771 834 opus
804 792 860 822 est
892 786 1175 822 consolatione?
1235 787 1379 823 Natura

194 839 293 875 enim
322 839 404 887 ipsa
433 839 646 875 terminabit
675 840 841 875 modum.
900 839 966 874 Sin
1000 840 1216 887 opinabiles,
1251 840 1377 888 opinio

193 899 272 928 tota
305 893 469 929 tollatur.
528 893 626 928 Satis
655 893 798 929 dictum
828 905 908 928 esse
927 892 1093 936 arbitror,
1115 893 1376 941 aegritudinem

194 958 273 981 esse
306 947 518 994 opinionem
547 945 636 981 mali
664 947 872 994 praesentis,
903 945 941 981 in
972 958 1046 994 qua
1075 946 1249 994 opinione
1282 946 1377 983 illud

193 999 293 1043 insit,
316 1006 357 1035 ut
376 1000 636 1048 aegritudinem
656 1000 840 1047 suscipere
861 1006 1039 1047 oporteat.

135 1056 174 1089 75
246 1052 411 1088 Additur
430 1054 476 1089 ad
497 1053 591 1088 hanc
611 1053 867 1089 definitionem
888 1066 909 1088 a
929 1052 1080 1088 Zenone
1109 1061 1219 1096 recte,
1241 1058 1284 1089 ut
1312 1052 1378 1089 illa

193 1106 319 1153 opinio
339 1106 533 1154 praesentis
553 1106 641 1142 mali
674 1106 721 1142 sit
750 1119 890 1142 reeens.
950 1106 1033 1141 Hoc
1065 1113 1189 1142 autem
1220 1106 1377 1142 verbum

193 1158 245 1194 sic
263 1159 564 1207 interpretantur,
586 1165 627 1195 ut
646 1172 720 1195 non
742 1166 888 1195 tantum
904 1159 997 1195 illud
1013 1172 1140 1195 recens
1155 1172 1234 1196 esse
1247 1159 1376 1204 velint,

192 1213 293 1260 quod
311 1213 437 1260 paullo
467 1219 551 1248 ante
580 1213 764 1257 acciderit,
786 1213 850 1248 sed
869 1225 980 1260 quam
999 1213 1063 1248 diu
1084 1213 1121 1248 in
1142 1213 1206 1249 illo
1227 1214 1377 1261 opinato

191 1265 290 1302 malo
311 1266 367 1302 vis
386 1266 560 1313 quaedam
580 1266 679 1309 insit,
699 1274 743 1302 ut
762 1266 884 1314 vigeat
901 1273 938 1301 et
956 1266 1092 1301 habeat
1111 1267 1299 1314 quandam
1321 1266 1378 1302 vi-

191 1318 390 1362 riditatem,
412 1327 487 1355 tam
507 1319 571 1355 diu
590 1319 798 1367 appelletur
815 1331 954 1355 recens.
1015 1318 1067 1355 Ut
1081 1319 1282 1356 Artemisia
1299 1320 1376 1362 illa,

193 1371 358 1408 Mausoli
380 1372 501 1408 Cariae
520 1372 616 1420 regis
636 1385 746 1415 uxor,
763 1385 849 1420 quae
867 1372 991 1407 nobile
1011 1372 1102 1408 illud
1123 1372 1378 1410 Halicarnassi

192 1424 280 1460 fecit
297 1425 521 1473 sepulcrum,
540 1438 651 1472 quam
666 1426 729 1461 diu
746 1425 853 1468 vixit,
871 1425 967 1461 vixit
982 1425 1017 1460 in
1037 1426 1154 1469 luctu,
1172 1419 1390 1474 eodemque*

193 1477 304 1513 etiam
325 1479 491 1514 confecta
510 1479 714 1514 contabuit.
773 1479 874 1515 Huic
905 1485 982 1514 erat
1006 1479 1070 1514 illa
1099 1480 1224 1527 opinio
1243 1480 1376 1516 cotidie

193 1543 332 1575 recem,
353 1545 440 1579 quae
471 1539 550 1568 tum
582 1532 742 1580 denique
767 1545 841 1568 non
866 1531 1074 1581 appellatur
1101 1546 1239 1577 recens,
1259 1546 1377 1582 quum

196 1591 379 1621 vetustate
397 1592 558 1621 exarult.

251 1638 347 1675 Haec
365 1638 479 1687 igitur
497 1638 617 1675 officia
645 1645 733 1675 sunt
760 1638 1043 1682 consolantium,
1065 1639 1194 1675 tollere
1221 1640 1375 1688 aegritu-

195 1690 319 1728 dinem
333 1692 512 1736 funditus,
527 1699 591 1728 aut
603 1692 741 1736 sedare,
755 1699 820 1728 aut
832 1692 1020 1728 detrahere
1034 1705 1146 1740 quam
1159 1693 1374 1740 plurimum,

195 1752 260 1780 aut
279 1746 506 1794 supprimere
524 1758 591 1781 nec
610 1745 686 1794 pati
707 1758 854 1781 manare
880 1745 1039 1794 longius,
1060 1754 1123 1781 aut
1143 1747 1188 1782 ad
1208 1746 1281 1782 alia
1300 1754 1375 1783 tra-

137 1804 175 1836 76
196 1797 342 1835 ducere.
401 1799 510 1842 Sunt,
541 1799 606 1846 qui
635 1811 752 1835 unum
787 1799 949 1835 officium
979 1799 1203 1835 consolantis
1227 1807 1374 1848 putent,

195 1850 335 1887 malum
355 1851 447 1887 illud
467 1854 619 1888 omnino
639 1865 712 1887 non
727 1865 818 1895 esse,
837 1860 878 1888 ut
895 1852 1067 1888 Cleanthi
1083 1853 1215 1900 placet.
1265 1854 1374 1898 Sunt,

193 1904 259 1951 qui
290 1916 362 1940 non
397 1917 574 1952 magnum
607 1906 760 1950 malum,
790 1913 833 1941 ut
866 1906 1115 1953 Peripatetici.
1173 1907 1282 1950 Sunt,
1310 1907 1376 1954 qui

192 1957 379 1993 abducant
398 1970 419 1993 a
438 1958 544 1993 malis
564 1959 608 1993 ad
631 1960 738 2002 bona,
759 1966 801 1995 ut
820 1959 1020 2007 Epicurus,
1079 1959 1188 2001 Sunt,
1206 1959 1270 2007 qui
1286 1959 1376 1995 satis

192 2017 326 2057 putent
346 2011 550 2054 ostendere,
572 2012 664 2047 nihil
694 2013 876 2060 inopinati
905 2013 1092 2055 accidisse,
1114 2010 1227 2061 [nihil
1253 2010 1373 2061 mali].

194 2063 427 2112 Chrysippus
447 2071 571 2100 autem
593 2074 704 2113 caput
723 2078 802 2101 esse
832 2072 957 2102 censet
987 2066 1023 2101 in
1052 2065 1290 2108 consolando,
1311 2066 1375 2101 de-

193 2117 335 2153 trahere
355 2118 456 2153 illam
477 2117 688 2165 opinionem
708 2119 890 2163 maerenti,
908 2119 938 2154 si
958 2132 995 2154 se
1011 2119 1132 2154 officio
1150 2119 1251 2166 fungi
1269 2124 1376 2166 putet

187 2168 291 2216 justo
310 2177 422 2218 atque
443 2170 581 2207 debito.
639 2172 737 2207 Sunt
756 2172 879 2215 etiam,
900 2172 964 2220 qui
988 2172 1067 2208 haec
1097 2171 1220 2207 omnia
1239 2184 1375 2219 genera

192 2223 408 2260 consolandi
428 2224 605 2272 colligant
623 2224 735 2271 (alius
754 2225 850 2260 enim
872 2226 943 2261 alio
970 2225 1078 2261 modo
1108 2222 1310 2272 movetur),
1331 2232 1375 2261 ut

192 2275 265 2311 fere
286 2288 353 2311 nos
373 2278 409 2312 in
432 2277 695 2314 Consolatione
719 2278 842 2314 omnia
871 2278 910 2314 in
938 2277 1229 2314 consolationem
1258 2290 1372 2314 unam

192 2328 442 2376 conjecimns3
475 2336 552 2366 erat
571 2331 670 2367 enim
689 2331 726 2366 in
748 2338 890 2368 tumore
909 2331 1057 2368 animus
1076 2338 1114 2367 et
1133 2331 1253 2367 omnis
1273 2331 1310 2367 in
1329 2344 1373 2368 eo

192 2382 404 2419 tentabatur
422 2384 574 2421 curatio.
