1471 2585
69 73 265 126 68-70.]
426 87 531 112 BOOK
560 87 586 111 1.
607 87 723 112 anr.
746 77 808 120 28,
830 78 889 112 29.
1199 80 1248 115 23

68 184 152 221 haec
181 183 403 231 sempiterna
433 188 534 219 sunt.
592 182 678 221 Qua
706 182 797 219 facie
826 183 975 231 quidem
1008 183 1056 220 sit
1091 190 1156 220 aut
1183 185 1247 222 ubi

69 238 221 278 habitet,
238 249 284 272 ne
303 237 547 284 quaerendum
566 236 717 284 quidem
738 242 807 273 est.

58 292 62 295 ’
121 289 316 327 XXVIII.
343 290 408 332 Ut,
430 302 547 338 quum
570 290 736 325 videmus
755 289 914 338 speciem
930 290 1090 338 primum
1111 291 1247 327 cando-

68 356 219 392 remque
239 343 333 387 caeli,
348 343 431 379 dein
449 343 699 379 conversionis
718 343 939 379 celeritatem
957 351 1109 388 tantam,
1128 357 1246 392 quan-

51 403 142 433 -tam
162 397 320 445 cogitare
347 409 420 432 non
452 409 673 445 possumus3
705 402 785 432 tum
807 397 1077 433 vicissitudines
1104 398 1247 434 dierum

67 462 109 487 ac
127 451 292 486 noctium
312 451 694 498 commutationesque
724 457 932 498 temporum
961 451 1246 498 quadripartitas

66 504 112 539 ad
130 505 379 540 maturitatem
401 504 549 552 frugum
580 510 617 540 et
649 504 695 539 ad
728 504 1030 551 temperationem
1052 517 1245 553 corporum

67 564 170 606 aptas
186 572 194 601 ;
218 569 417 604 eorumque
435 557 601 593 omnium
621 558 886 593 moderatorem
903 564 939 593 et
956 558 1086 593 ducem
1104 558 1218 594 solem
1234 573 1242 602 ;

65 611 268 659 lunamque
311 611 515 646 accretione
558 618 594 646 et
637 611 891 646 deminutione
935 611 1100 656 luminis,
1140 612 1246 659 quasi

65 664 255 708 fastorum,
276 671 466 700 notantem
488 671 524 700 et
544 664 812 712 significantem
831 665 908 700 dies
927 678 934 707 ;
958 671 1037 700 tuin
1057 665 1094 700 in
1116 665 1245 700 eodem

65 718 153 754 orbe
172 718 211 753 in
231 718 426 754 duodecim
455 724 577 765 partes
607 718 803 753 distributo
832 717 997 765 quinque
1018 718 1142 754 stellas
1163 718 1246 754 ferri

65 772 213 808 eosdem
235 784 362 807 cursus
382 771 677 807 constantissime
706 778 894 807 servantes
923 771 1131 819 disparibus
1151 771 1246 807 inter

65 837 104 861 se
124 825 310 869 motibus3
341 831 634 872 nocturnamque
655 824 737 860 caeli
755 824 910 861 formam
929 825 1096 873 undique
1117 825 1245 861 sideri-

63 878 135 914 bus
167 886 356 922 ornatam3
390 885 468 914 tum
501 878 654 927 globum
689 885 795 914 terrae
828 878 1051 914 eminentem
1085 891 1103 914 e
1140 878 1245 922 mari,

63 931 184 968 fixum
204 931 241 967 in
262 932 383 968 medio
402 932 531 968 mundi
551 932 715 967 universi
733 931 826 975 loco,
846 932 992 967 duabus
1012 932 1083 967 oris
1104 931 1245 967 distan-

63 984 164 1021 tibus
197 985 437 1022 habitabilem
467 992 503 1021 et
533 985 688 1030 cultum,
710 998 867 1033 quarum
892 986 1019 1030 altera,
1040 998 1151 1033 quam
1178 998 1245 1021 nos

61 1038 273 1082 incolimus,

192 1106 258 1137 Sub
276 1109 337 1136 axe
352 1107 456 1146 posita
471 1106 513 1136 ad
529 1107 639 1137 ste‘llas
656 1110 792 1146 septem,
807 1107 893 1136 unde
908 1106 1050 1137 horrifer

193 1150 364 1189 Aquildnis
379 1150 499 1180 stridor
514 1150 636 1191 ge‘lidas
651 1150 784 1180 molitur
798 1150 900 1188 nives,

64 1211 179 1247 altera
198 1212 380 1255 australis,
401 1212 529 1258 ignota
556 1211 675 1254 nobis,
697 1224 807 1259 quam
838 1217 970 1247 vocant
991 1211 1115 1246 Graeci
1142 1211 1244 1246 ἀντί-

63 1265 185 1314 χθονα
201 1279 209 1309 ;
242 1273 379 1301 ceteras
408 1273 531 1313 partes
550 1265 722 1309 incultas,
745 1265 847 1313 quod
867 1272 931 1300 aut
950 1265 1083 1313 frigore
1102 1264 1245 1312 rigeant

63 1325 130 1354 aut
148 1325 302 1354 urantur
330 1319 474 1362 calore3
506 1318 564 1354 hic
593 1325 731 1362 autem,
754 1318 820 1354 ubi
847 1318 1072 1361 habitamus,
1092 1330 1167 1354 non
1186 1318 1244 1353 in·

64 1372 236 1408 termittit
254 1385 322 1408 suo
342 1379 506 1420 tempore

276 1440 400 1470 Caelfim
416 1440 586 1478 nitescere,
602 1440 736 1469 arbores
750 1438 970 1478 frondescere,

275 1483 367 1513 Vite's
384 1483 521 1513 laetificae
537 1483 698 1523 pampinis
713 1483 900 1522 pubescere,

276 1526 377 1556 Rami
393 1527 545 1556 bacarum
562 1527 710 1556 ubertate
725 1526 963 1564 incurvescere,

274 1570 405 1610 Segete's
421 1569 533 1609 largiri
548 1569 670 1609 fruges,
686 1569 803 1599 florere
820 1569 938 1607 omnia,

275 1612 396 1643 Fonte's
411 1619 548 1651 scatere,
565 1612 675 1642 herbis
690 1615 785 1652 przita
801 1611 1015 1642 convestirier
1031 1623 1040 1650 ;

63 1678 142 1710 tum
153 1674 434 1710 multitudinem
448 1674 634 1722 pecudum
650 1673 784 1721 partim
797 1673 843 1708 ad
855 1673 1092 1715 vescendum,
1110 1673 1244 1721 partim

62 1727 109 1763 ad
128 1728 252 1764 cultus
271 1740 454 1776 agrorum,
477 1727 609 1775 partim
630 1727 675 1762 ad
696 1727 917 1770 vehendum,
939 1727 1072 1774 partim
1099 1727 1144 1762 ad
1165 1740 1243 1763 cor-

61 1792 152 1828 pora
170 1781 382 1825 vestienda3
413 1781 677 1828 hominemque
695 1780 817 1827 ipsum
839 1780 945 1827 quasi
974 1780 1243 1828 contemplato-

61 1846 138 1869 rem
158 1834 238 1870 caeli
258 1847 298 1870 ac
319 1834 472 1870 deorum
493 1846 694 1880 eorumque
713 1833 915 1877 cultorem3
948 1839 1058 1881 atque
1083 1834 1243 1869 hominis

62 1887 215 1923 utilitati
235 1900 340 1936 agros
361 1900 488 1923 omnes
522 1894 558 1922 et
591 1886 705 1922 maria
737 1887 923 1934 parentia:
954 1886 1035 1923 haec
1064 1887 1178 1935 igitur
1207 1895 1243 1923 et

62 1940 134 1976 alia
152 1940 439 1976 innumerabilia
455 1953 568 1988 quum
584 1939 780 1983 cernimus,
797 1952 1043 1988 possumusne
1060 1941 1241 1984 dubitare,

61 1993 151 2041 quin
172 1993 217 2029 iis
236 1994 363 2042 praesit
382 1994 516 2041 aliquis
541 1993 598 2029 vel
617 1993 777 2036 effector,
799 1993 828 2028 si
854 1993 936 2029 haec
964 2000 1051 2029 nata
1080 2000 1179 2036 sunt,
1200 2000 1243 2029 ut

61 2046 211 2083 Platoni
244 2047 402 2089 videtur,
433 2046 504 2090 vel,
543 2046 575 2082 si
607 2059 750 2094 semper
777 2046 939 2089 fuerunt,
974 2054 1017 2082 ut
1051 2046 1243 2082 Aristoteli

60 2100 194 2148 placet,
215 2101 422 2136 moderator
442 2100 534 2135 tanti
553 2100 672 2148 operis
693 2107 730 2136 et
749 2101 911 2135 muneris
928 2100 941 2136 ἲ
999 2100 1060 2135 Sic
1079 2106 1243 2135 mentem

60 2152 234 2196 hominis,
254 2154 424 2202 quamvis
445 2166 524 2189 eam
545 2165 620 2189 non
650 2153 787 2195 videas,
807 2160 849 2189 ut
879 2154 990 2189 deum
1020 2165 1092 2188 non
1123 2153 1240 2197 vides,

60 2212 197 2249 tamen,
219 2214 259 2242 ut
279 2208 389 2243 deum
410 2207 578 2255 agnoscis
594 2219 642 2242 ex
661 2207 834 2254 operibus
855 2206 946 2254 ejus,
969 2206 1018 2241 sic
1035 2219 1083 2241 ex
1102 2219 1240 2242 memo-

61 2259 115 2295 ria
132 2272 254 2295 rerum
275 2269 310 2296 et
329 2261 543 2296 inventione
561 2267 597 2296 et
616 2260 798 2295 celeritate
820 2268 942 2294 motus
962 2259 1136 2307 omnique
1154 2259 1240 2308 pul-

63 2312 270 2349 chritudine
290 2314 436 2350 virtutis
458 2313 533 2349 vim
552 2312 715 2349 divinam
734 2312 868 2349 mentis
888 2313 1090 2360 agnoscito.

116 2366 269 2404 XXIX.
302 2367 345 2403 In
366 2380 441 2415 quo
473 2367 586 2415 igitur
616 2367 700 2403 loco
731 2366 813 2403 est?
873 2366 992 2403 Credo
1012 2366 1182 2414 equidem
1201 2364 1241 2400 in

1266 296 1304 325 68

1264 1273 1303 1303 69
