1471 2585
119 94 254 146 7—9.]
500 109 600 132 BOOK
623 109 658 132 v.
690 109 806 133 ense.
831 100 865 141 2,
889 99 924 133 3.
1225 101 1293 135 121

118 211 155 240 et
180 203 262 240 haec
290 203 523 239 indoctorum
550 202 681 239 animis
707 203 826 239 offusa
854 203 975 251 caligo
1000 209 1066 248 est,
1088 204 1190 251 quod
1219 211 1294 240 tam

118 257 228 305 longe
247 263 341 292 retro
361 256 539 304 respicere
564 269 637 292 non
657 263 816 304 possunt
834 269 901 292 nec
923 269 996 299 eos,
1023 269 1045 292 a
1063 257 1199 305 quibus
1219 257 1296 293 vita

118 311 311 346 hominum
340 309 519 345 instructa
546 309 673 358 primis
702 310 760 353 sit,
789 309 903 345 fuisse
928 310 1168 358 philosophos
1197 310 1294 346 arbi-

119 370 274 399 trantur.

173 416 251 452 III.
283 416 404 455 Quam
429 428 503 451 rem
533 416 827 464 antiquissimam
848 429 963 463 quum
994 417 1198 459 videamus,
1228 429 1297 452 no·

119 482 204 506 men
233 476 357 505 tamen
388 482 468 505 esse
501 470 720 505 eonfitemur
748 482 887 505 recens.
948 470 1045 505 Nam
1079 470 1298 518 sapientiam

120 523 269 570 quidem
289 522 406 570 ipsam
427 522 509 570 quis
529 535 663 571 negare
683 529 803 570 potest
822 535 897 558 non
924 524 1031 558 modo
1059 536 1095 558 re
1125 535 1204 559 esse
1232 535 1299 558 an-

121 576 276 624 tiquam,
301 588 426 611 verum
446 576 555 611 etiam
575 575 752 612 nomine?
783 589 868 624 quae
889 576 1098 611 divinarum
1118 576 1300 612 humana-

120 641 276 677 rumque
306 642 439 673 rerum,
469 636 548 665 tum
581 629 769 664 initiorum
802 642 1091 676 caussarumque
1120 629 1301 678 cujusque

120 682 174 718 rei
193 682 401 730 cognitione
423 683 494 718 hoc
523 682 811 730 pulcherrimum
839 695 975 718 nomen
1004 683 1103 730 apud
1129 683 1302 730 antiquos

121 736 399 784 assequebatur.
458 736 592 784 Itaque
622 742 659 771 et
694 735 776 771 illos
815 742 969 783 septem,
1004 736 1069 783 qui
1107 748 1127 771 a
1159 735 1302 771 Graecis

123 792 236 838 σοφοί,
271 789 455 837 sapientes
492 801 513 824 a
549 788 684 824 nostris
719 795 755 824 et
791 789 1023 824 habebantur
1060 795 1097 825 et
1131 789 1302 824 nomina-

124 843 268 884 bantur,
289 848 325 877 et
345 842 470 878 multis
496 849 581 878 ante
610 842 756 878 saeculis
774 842 1003 890 Lycurgum,
1026 842 1132 890 cujus
1159 848 1303 890 tempo-

123 896 224 931 ribus
246 895 434 931 Homerus
460 895 570 931 etiam
599 895 711 931 fuisse
738 901 821 931 ante
842 896 935 931 hanc
955 895 1097 931 Urbem
1117 896 1303 931 conditam

125 949 290 992 traditur,
312 956 348 984 et
371 948 447 997 jam
476 948 632 984 heroicis
662 948 836 984 aetatibus
858 948 1011 984 Ulixem
1039 955 1076 984 et
1107 949 1303 985 Nestorem

124 1002 332 1049 accepimus
353 1009 389 1037 et
407 1002 519 1037 fuisse
538 1009 575 1037 et
592 1001 738 1038 habitos
759 1015 838 1038 esse
865 1002 1062 1050 sapientes.
1119 1001 1198 1037 Nec
1219 1014 1304 1038 vero

124 1054 232 1090 Atlas
253 1055 432 1090 sustinere
453 1055 600 1097 eaelum‚
620 1067 688 1090 nec
707 1055 951 1091 Prometheus
971 1055 1107 1090 affixus
1125 1055 1304 1099 Caucaso,

126 1120 193 1143 nec
226 1107 396 1143 stellatus
426 1108 598 1155 Cepheus
629 1121 713 1143 cum
745 1121 876 1147 uxore.
903 1121 1050 1156 genero,
1080 1108 1157 1144 filia
1185 1109 1306 1144 trade-

126 1168 237 1204 retur,
260 1161 330 1196 nisi
359 1161 565 1196 caelestium
595 1161 719 1196 divina
748 1161 909 1208 cognitio
939 1174 1073 1197 nomen
1103 1174 1230 1197 eorum
1258 1162 1304 1196 ad

127 1226 284 1250 errorem
317 1214 456 1250 fabulae
487 1214 727 1250 traduxisset.
784 1217 820 1249 A
840 1214 976 1261 quibus
1003 1215 1103 1250 ducti
1134 1214 1307 1262 deinceps

126 1279 266 1310 omnes,
299 1267 364 1314 qui
400 1268 436 1302 in
468 1279 589 1302 rerum
619 1267 930 1315 contemplatione
958 1267 1080 1303 studia
1107 1267 1306 1314 ponebant,

127 1320 312 1368 sapientes
339 1328 376 1356 et
399 1319 632 1356 habebantur
657 1327 693 1356 et
717 1320 1014 1363 nominabantur,
1045 1320 1157 1368 idque
1180 1333 1308 1356 eorum

126 1385 261 1409 nornen
283 1386 402 1420 usque
423 1374 466 1409 ad
490 1374 714 1422 Pythagorae
740 1373 905 1409 manavit
928 1380 1089 1417 aetatem,
1117 1386 1241 1420 quem,
1266 1381 1309 1410 ut

129 1427 254 1463 scribit
279 1427 424 1462 auditor
443 1427 623 1470 Platonis,
646 1427 824 1463 Ponticus
847 1427 1074 1470 Heraclides,
1095 1427 1150 1462 vir
1177 1427 1308 1463 doctus

128 1480 166 1515 in
181 1480 320 1527 primis,
339 1480 555 1515 Phliuntem
571 1479 692 1515 ferunt
710 1480 865 1522 venisse,
881 1492 1041 1527 eumque
1061 1492 1145 1515 cum
1165 1480 1309 1516 Leonte

129 1532 292 1581 principe
313 1533 559 1568 Phliasiorum
589 1533 695 1568 docte
724 1541 761 1569 et
789 1533 934 1580 copiose
962 1533 1177 1568 disseruisse
1203 1546 1309 1580 quae-

129 1586 227 1622 dam.
287 1585 405 1634 Cujus
423 1586 614 1633 ingenium
634 1592 670 1621 et
691 1586 942 1634 eloquentiam
963 1599 1080 1633 quum
1109 1586 1310 1622 admiratus

131 1646 227 1675 esset
252 1639 370 1683 Leon,
392 1640 611 1686 quaesivisse
641 1652 689 1675 ex
721 1653 776 1683 eo,
797 1652 870 1686 qua
894 1641 1058 1674 maxime
1086 1645 1163 1674 arte
1194 1639 1309 1674 confi-

131 1692 260 1736 deret3
293 1699 329 1728 at
348 1692 466 1735 illum,
489 1700 603 1728 artem
623 1692 774 1740 quidem
795 1705 832 1728 se
855 1692 944 1727 scire
970 1692 1126 1735 nullam,
1147 1692 1209 1727 sed
1230 1704 1309 1727 esse

126 1744 408 1794 philosophum;
447 1746 671 1781 admiratum
703 1745 883 1780 Leontem
915 1745 1116 1780 novitatem
1148 1744 1310 1780 nominis

132 1798 363 1845 quaesivisse,
383 1798 534 1846 quinam
565 1805 687 1834 essent
714 1797 927 1846 philosophi
952 1803 989 1833 et
1014 1798 1104 1845 quid
1132 1797 1227 1833 inter
1246 1810 1310 1834 eos

133 1858 170 1887 et
198 1851 358 1899 reliquos
385 1852 600 1895 interessem
639 1851 885 1899 Pythagoram
916 1857 1039 1886 autern
1064 1851 1309 1899 respondisse,

134 1904 289 1940 similem
320 1904 388 1939 sibi
416 1904 532 1939 videri
555 1904 669 1940 vitam
695 1904 888 1939 hominurn
917 1910 953 1940 et
980 1910 1182 1940 mercatum
1211 1917 1309 1948 eum,

135 1957 199 2005 qui
218 1957 415 1993 haberetur
433 1957 598 1992 maximo
620 1957 792 1992 ludorum
820 1963 997 2005 apparatu
1017 1957 1130 1993 totius
1151 1957 1310 1993 Graeciae

134 2010 368 2053 celebritate;
400 2022 485 2045 nam
502 2017 544 2046 ut
563 2009 638 2045 illic
664 2010 726 2045 alii
751 2010 963 2058 corporibus
992 2010 1202 2046 exercitatis
1230 2010 1310 2058 glo-

134 2064 223 2099 riam
257 2070 295 2099 et
326 2063 558 2098 nobilitatem
589 2075 734 2099 coronae
768 2070 946 2111 peterent,
980 2063 1039 2099 alii
1073 2062 1219 2098 emendi
1248 2069 1313 2098 aut

136 2117 320 2152 vendendi
341 2123 490 2163 quaestu
512 2122 549 2151 et
567 2116 669 2152 lucro
686 2117 918 2160 ducerentur,
936 2122 1031 2152 esset
1049 2122 1172 2151 autem
1193 2116 1311 2163 quod-

135 2169 219 2205 dam
250 2182 368 2217 genus
398 2182 536 2212 eorum,
570 2169 682 2217 idque
711 2169 770 2205 vel
802 2169 965 2205 maxime
998 2169 1214 2216 ingenuum,
1248 2168 1314 2216 qui

135 2234 203 2258 nec
230 2223 404 2270 plausum
433 2235 501 2258 nec
527 2222 671 2258 lucrum
691 2229 910 2270 quaererent,
932 2222 996 2257 sed
1015 2221 1161 2257 visendi
1183 2234 1314 2257 caussa

136 2275 306 2311 venirent
328 2275 566 2322 studioseque
593 2276 851 2323 perspicerent,
873 2274 964 2322 quid
990 2280 1159 2322 ageretur
1184 2280 1220 2310 et
1238 2286 1312 2322 quo

137 2329 273 2365 modo:
310 2329 399 2364 item
428 2341 508 2372 nos,
535 2328 640 2375 quasi
667 2328 704 2364 in
736 2335 918 2364 mercatus
947 2327 1132 2375 quandam
1161 2327 1313 2363 celebri-

139 2387 251 2417 tatem
268 2394 316 2418 ex
337 2382 426 2417 urbe
451 2381 588 2429 aliqua,
619 2381 670 2418 sic
694 2381 732 2417 in
757 2381 852 2417 hanc
881 2380 994 2416 vitam
1023 2392 1073 2416 ex
1096 2381 1166 2417 alia
1185 2381 1260 2416 vita
1278 2386 1315 2416 et

1075 2446 1104 2470 M
