1471 2585
156 494 193 527 71

161 1455 201 1487 72

209 65 260 99 24
526 73 728 98 TUSCULAN
758 73 1056 99 DISPUTAnoNS.
1194 59 1385 111 [71—73.

210 168 330 218 capite
350 174 398 213 et,
419 181 484 205 cur
501 169 658 213 credam,
678 168 806 205 afferre
824 181 990 217 possum.
1048 168 1123 206 Sed
1141 169 1244 214 alias,
1263 169 1391 206 ubisit

211 223 357 258 animus
375 237 383 267 3
415 229 511 258 certe
531 223 681 270 quidem
701 222 738 258 in
761 228 794 258 te
815 229 883 259 est.

265 276 363 315 Quae
384 283 440 311 est
459 275 492 311 ei
510 275 670 312 natura?
728 275 892 323 Propria,
914 283 1017 323 puto,
1040 282 1076 312 et
1105 288 1183 312 sua.
1241 276 1315 312 Sed
1334 275 1391 312 fac

210 328 371 376 igneam,
403 329 459 365 fac
491 329 724 376 spirabilem:
754 329 849 365 nihil
882 330 925 365 ad
956 328 1007 372 id,
1041 330 1085 365 de
1119 341 1194 377 quo
1230 329 1389 377 agimus.

213 382 316 418 Illud
350 383 459 418 modo
489 383 624 426 videto,
645 389 688 418 ut
720 383 831 418 deum
857 383 968 426 noris,
989 383 1057 418 etsi
1083 382 1163 431 ejus
1189 383 1335 430 ignores
1355 389 1393 419 et

212 435 336 472 locum
357 444 393 471 et
413 436 552 479 faciem,
574 436 625 472 sic
645 436 809 471 animum
830 435 896 471 tibi
917 442 1023 472 tuum
1042 443 1172 472 notum
1189 448 1267 471 esse
1284 448 1390 484 opor-

215 495 301 533 tere,
323 489 432 524 etiam
464 489 493 524 si
523 489 668 536 ignores
696 496 733 525 et
757 489 880 525 locum
910 496 947 526 et
974 489 1141 525 formam.
1200 489 1246 525 In
1280 488 1393 525 animi

213 549 339 578 autem
359 542 569 591 cognitione
589 543 757 578 dubitare
784 555 858 578 non
886 555 1098 590 possumus,
1119 543 1189 578 nisi
1218 542 1326 590 plane
1354 542 1392 578 in

213 595 377 644 physicis
397 596 562 644 plumbei
579 608 719 640 sumus,
736 596 825 643 quin
846 595 939 631 nihil
959 596 1006 632 sit
1024 596 1155 632 animis
1168 596 1392 641 admixtum,

214 649 308 684 nihil
339 657 564 690 concretum,
590 649 682 685 nihil
711 649 937 697 copulatum,
958 649 1050 685 nihil
1080 656 1393 697 coagmentatum,

213 701 308 738 nihil
327 703 482 750 duplex·
539 702 651 741 Quod
672 715 789 750 quum
808 702 859 738 ita
879 702 938 746 sit,
960 710 1055 738 certe
1081 715 1148 738 nec
1168 702 1307 738 secerni
1326 715 1395 738 nec

214 755 332 791 dividi
351 768 417 792 nec
435 756 590 804 discerpi
609 769 676 791 nec
695 755 846 791 distrahi
868 762 999 804 potest,
1017 768 1062 791 ne
1077 756 1224 792 interire
1244 756 1395 803 quidem

214 808 339 856 igitur.
396 809 467 845 Est
485 809 582 844 enim
602 809 772 845 interitus
793 809 898 856 quasi
916 809 1099 846 discessus
1119 816 1155 844 et
1174 809 1326 845 secretio
1355 822 1396 845 ac

215 862 420 910 diremptus
441 875 566 898 earum
586 863 757 910 partium,
778 875 864 911 quae
884 871 969 899 ante
996 863 1186 899 interitum
1200 863 1397 912 junctione

215 915 340 963 aliqua
358 916 590 952 tenebantur.

272 969 344 1005 His
364 976 401 1005 et
421 969 557 1005 talibus
578 969 781 1005 rationibus
801 970 982 1005 adductus
999 970 1169 1006 Socrates
1184 982 1252 1006 nec
1271 975 1396 1018 patro-

216 1034 305 1058 num
326 1023 501 1070 quaesivit
520 1023 565 1058 ad
586 1022 771 1071 judicium
792 1023 921 1071 capitis
941 1035 1010 1058 nec
1025 1023 1216 1072 judicibus
1236 1023 1397 1071 supplex

215 1075 299 1118 fuit,
321 1076 564 1123 adhibuitque
594 1076 747 1112 liberam
778 1076 1062 1120 contumaciam,
1092 1089 1113 1112 a
1141 1076 1398 1124 magnitudine

216 1129 331 1164 animi
357 1130 518 1172 ductam,
545 1142 620 1164 non
649 1141 670 1164 a
696 1129 880 1178 superbia,
907 1135 945 1165 et
971 1142 1142 1178 supremo
1163 1130 1251 1166 vitae
1272 1129 1330 1166 die
1354 1129 1399 1166 de

216 1181 286 1218 hoc
313 1182 394 1230 ipso
427 1182 546 1218 multa
571 1183 755 1226 disseruit,
777 1190 812 1218 et
843 1183 969 1232 paucis
997 1189 1080 1218 ante
1109 1183 1252 1226 diebus,
1282 1195 1398 1231 quum

217 1235 322 1271 facile
352 1243 476 1283 posset
504 1236 609 1271 educi
638 1248 657 1270 e
687 1235 866 1279 custodia,
896 1236 1028 1279 noluit,
1058 1242 1094 1272 et
1120 1243 1198 1272 tum
1226 1248 1332 1284 paene
1360 1237 1399 1272 in

217 1301 331 1324 manu
347 1289 424 1337 jam
449 1289 676 1324 mortiferum
702 1289 795 1324 illud
825 1295 954 1324 tenens
983 1289 1160 1336 poculum
1181 1290 1329 1325 locutus
1348 1289 1401 1326 ita

218 1350 287 1385 est,
308 1349 349 1377 ut
370 1354 441 1377 non
463 1343 509 1377 ad
528 1348 685 1377 mortem
707 1341 815 1385 trudi,
836 1354 965 1377 verum
992 1342 1029 1377 in
1055 1342 1191 1378 caelum
1213 1342 1400 1379 videretur

218 1395 427 1430 ascendere.
1375 1398 1397 1407 ⁸

274 1448 402 1484 XXX.
435 1447 494 1483 Ita
519 1448 616 1483 enim
647 1448 821 1488 censebat
839 1448 965 1496 itaque
985 1448 1178 1485 disseruit:
1209 1449 1301 1485 duas
1321 1461 1400 1486 esse

220 1501 299 1537 vias
319 1501 560 1549 duplicesque
590 1514 720 1537 cursus
750 1501 957 1537 animorum
987 1514 1006 1538 e
1035 1514 1185 1549 corpore
1215 1503 1427 1538 exceden-‘

220 1555 328 1590 tium.
386 1554 482 1590 Nam
502 1554 566 1602 qui
593 1568 630 1590 se
658 1554 831 1590 humanis
857 1555 957 1590 vitiis
986 1554 1337 1592 contaminavissent
1366 1564 1403 1592 et

220 1620 259 1644 se
280 1614 377 1643 totos
397 1608 614 1644 libidinibus
634 1608 835 1651 dedissent,
856 1609 993 1655 quibus
1022 1608 1148 1644 caecati
1171 1608 1230 1644 vel
1254 1609 1402 1645 domes-

220 1661 302 1697 ticis
325 1661 423 1696 vitiis
443 1669 555 1709 atque
575 1661 724 1709 flagitiis
741 1674 778 1697 se
797 1661 1095 1709 inquinavissent
1116 1662 1174 1697 vel
1194 1675 1231 1697 re
1251 1662 1401 1710 publica

220 1715 394 1750 violanda
422 1715 568 1750 fraudes
598 1714 845 1762 inexpiabiles
876 1714 1144 1762 concepissent,
1175 1715 1219 1750 iis
1251 1715 1402 1752 devium

221 1769 408 1816 quoddam
442 1768 512 1804 iter
545 1780 636 1811 esse,
673 1768 857 1804 seclusum
889 1781 910 1804 a
939 1768 1094 1804 concilio
1124 1768 1300 1812 deorum3
1337 1769 1403 1816 qui

221 1828 346 1856 autem
386 1834 423 1856 se
459 1822 622 1868 integros
660 1828 855 1868 castosque
892 1822 1152 1864 servavissent,
1190 1822 1403 1870 quibusque

221 1874 353 1910 fuisset
372 1874 525 1909 minima
545 1887 627 1910 cum
657 1875 871 1923 corporibus
894 1875 1077 1923 contagio,
1106 1887 1258 1923 seseque
1284 1875 1330 1911 ab
1359 1875 1404 1912 iis

223 1939 368 1975 semper
397 1927 673 1963 sevocavissent
696 1934 893 1976 essentque
919 1928 956 1964 in
991 1929 1203 1976 corporibus
1231 1927 1404 1965 humanis

224 1980 338 2016 vitam
358 1980 492 2016 imitati
513 1981 665 2016 deorum
682 1996 690 2023 ;
723 1981 778 2016 his
799 1982 846 2017 ad
864 1981 960 2024 illos,
980 1994 1001 2017 a
1020 1981 1155 2029 quibus
1175 1987 1299 2016 essent
1318 1994 1403 2030 pro-

188 2043 204 2070 ?
224 2034 324 2077 fecti,
351 2034 509 2070 reditum
534 2033 677 2069 facilem
708 2041 844 2081 patere.
903 2034 1035 2082 Itaque
1063 2041 1336 2078 commemorat,
1363 2042 1406 2071 ut

225 2088 348 2135 cygni,
369 2087 433 2135 qui
454 2099 527 2122 non
549 2087 628 2122 sine
648 2099 778 2123 caussa
796 2087 965 2135 Apollini
981 2088 1092 2124 dicati
1111 2087 1197 2131 sint,
1219 2088 1283 2124 sed
1304 2089 1405 2135 quod

224 2141 271 2176 ab
301 2153 343 2175 eo
369 2140 634 2176 divinationem
663 2140 797 2176 habere
823 2141 1033 2185 videantur,
1053 2153 1127 2189 qua
1155 2140 1403 2188 providentes,

226 2193 314 2241 quid
327 2194 362 2229 in
382 2200 498 2229 morte
515 2194 599 2229 boni
618 2193 675 2236 sit,
693 2205 776 2229 cum
795 2202 907 2230 cantu
921 2200 958 2230 et
971 2195 1160 2242 voluptate
1177 2194 1403 2231 moriantur:

227 2246 278 2282 sic
299 2247 471 2282 omnibus
493 2246 599 2282 bonis
619 2254 655 2282 et
675 2247 793 2282 doctis
812 2260 890 2283 esse
907 2247 1127 2284 faciendum.

280 2299 357 2335 Nec
379 2312 465 2335 vero
485 2300 529 2335 de
550 2300 618 2335 hoc
639 2300 837 2348 quisquam
858 2301 1026 2337 dubitare
1052 2306 1188 2349 posset,
1210 2300 1280 2336 nisi
1307 2300 1406 2337 idem

226 2352 333 2389 nobis
362 2353 542 2389 accideret
569 2353 764 2402 diligenter
792 2354 838 2390 de
866 2354 991 2391 animo
1021 2353 1281 2403 cogitantibus,
1305 2354 1406 2402 quod
