1471 2585
130 894 168 926 47

128 1587 168 1616 48

128 2410 169 2440 49

193 94 268 130 106
512 103 718 128 'ruscumu
747 102 1046 128 msPUTATIONS.
1183 89 1373 141 [47—49.

189 198 480 236 misericordiam
496 199 542 234 ad
558 210 665 246 opem
682 197 867 233 ferendam
883 203 919 234 et
935 198 1163 235 calamitates
1179 198 1374 235 hominum

189 253 427 302 indignorum
445 251 715 294 sublevandas;
736 251 858 299 ipsum
872 251 966 287 illud
979 251 1375 295 aemulari‚0btrectare

189 318 266 342 non
285 319 364 342 esse
384 305 528 348 inutile,
549 316 665 352 quum
686 311 750 340 aut
769 317 806 340 se
827 317 900 340 non
922 305 1020 340 idem
1043 305 1164 341 videat
1192 317 1373 341 consecu-

189 365 283 402 tum,
304 359 404 407 quod
424 358 551 401 aliurn,
572 366 637 393 aut
656 357 769 393 aliurn
790 357 901 399 idem,
922 359 1023 406 quod
1043 370 1105 400 se;
1128 365 1268 394 metum
1287 370 1374 394 vero

191 412 221 447 si
235 411 300 459 qui
317 411 542 455 sustulisset,
557 423 707 447 omnem
725 411 812 446 vitae
831 411 1061 459 diligentiam
1083 411 1267 447 sublatam
1285 410 1373 455 fore,

189 477 276 512 quae
297 477 442 500 summa
461 471 558 500 esset
574 464 611 500 in
632 464 696 505 eis,
717 464 782 512 qui
811 464 922 511 leges,
944 465 1007 512 qui
1036 464 1287 512 magistratuS,
1309 464 1372 512 qui

189 525 459 566 paupertatem,
479 517 543 565 qui
563 517 817 566 ignominiam,
838 517 904 565 qui
925 527 1093 560 mortem,
1114 517 1179 565 qui
1207 517 1372 554 dolorem

190 571 375 607 timerent.
435 571 531 606 Haec
551 577 674 606 tamen
694 571 745 606 ita
774 571 968 618 disputant
996 578 1038 606 ut
1066 571 1264 606 resecanda
1292 583 1372 607 esse

189 624 387 668 fateantur,
407 624 516 660 evelli
540 625 687 671 penitus
707 624 832 659 dicant
852 636 919 659 nec
938 636 1046 672 posse
1066 636 1133 659 nec
1153 636 1246 671 opus
1275 636 1370 667 esse,

189 685 226 713 et
254 677 292 713 in
318 677 491 713 omnibus
523 677 595 713 fere
624 677 734 712 rebus
767 677 1057 713 mediocritatem
1088 689 1168 712 esse
1193 676 1371 724 optimam

188 730 418 766 existiment.
467 731 565 768 Quae
586 743 702 778 quum
723 736 931 777 exponunt,
953 730 1093 766 nihilne
1113 730 1178 765 tibi
1199 730 1372 766 videntur

187 796 232 819 an
254 783 394 831 aliquid
411 783 558 819 dicere?
607 783 657 819 A.
682 782 776 819 Mihi
797 796 882 819 vero
900 784 1018 819 dicere
1032 783 1188 831 aliquid.
1237 782 1372 831 Itaque

188 845 379 884 exspecto,
401 837 491 884 quid
512 838 558 872 ad
577 836 660 873 ista.

241 889 354 926 XXI.
384 889 444 925 M.
464 890 662 938 Reperiam
678 889 853 931 fortasse;
876 890 938 925 sed
955 889 1046 925 illud
1061 895 1159 925 ante.
1190 888 1369 933 Videsne,

187 950 327 990 quanta
344 943 452 979 fuerit
467 944 566 990 apud
583 943 827 979 Academicos
847 942 1092 979 verecundia?
1135 942 1252 978 Plane
1272 943 1372 978 enim

187 996 328 1039 dicunt,
342 997 442 1044 quod
459 997 504 1032 ad
521 1009 596 1032 rem
613 997 804 1044 pertineat.
855 995 1110 1044 Peripateticis
1130 996 1374 1044 respondetur

187 1061 209 1085 a
229 1050 377 1086 Stoicis.
435 1049 698 1097 Digladientur
717 1050 784 1092 illi,
805 1062 870 1097 per
898 1062 957 1085 nie
985 1049 1083 1092 licet,
1105 1049 1164 1085 cui
1192 1049 1286 1084 nihil
1316 1057 1373 1085 est

186 1114 349 1146 necesse,
366 1103 449 1145 nisi,
466 1103 530 1138 ubi
551 1103 598 1138 sit
613 1103 719 1146 illud,
737 1103 837 1150 quod
854 1103 927 1138 veri
945 1102 1177 1138 simillimum
1191 1102 1372 1146 videatur,

186 1156 393 1204 anquirere.
450 1156 553 1194 Quid
573 1162 630 1191 est
649 1156 771 1204 igitur,
792 1156 894 1203 quod
921 1162 1089 1192 occurrat
1108 1155 1145 1191 in
1176 1154 1243 1191 hac
1264 1167 1370 1203 quae-

188 1209 320 1253 stione,
336 1222 411 1257 quo
433 1209 550 1257 possit
569 1209 700 1258 attingi
716 1209 856 1256 aliquid
875 1209 948 1245 veri
965 1208 1112 1245 simile?
1134 1221 1209 1256 quo
1225 1208 1372 1256 longius

187 1274 292 1298 mens
311 1263 475 1298 humana
494 1262 664 1310 progredi
683 1274 756 1298 non
778 1268 914 1310 potest.
973 1262 1154 1297 Definitio
1178 1262 1371 1308 perturba-

186 1315 310 1359 tionis,
332 1329 408 1364 qua
427 1324 525 1351 recte
546 1316 735 1351 Zenonem
758 1327 870 1350 usum
891 1321 1005 1362 puto;
1036 1316 1088 1350 ita
1107 1314 1206 1350 enim
1227 1315 1370 1357 definit,

185 1375 229 1404 ut
245 1369 472 1416 perturbatio
491 1370 537 1404 sic
556 1381 686 1404 aversa
707 1381 729 1404 α
749 1370 888 1404 ratione
909 1374 1033 1404 contra
1063 1374 1228 1404 naturam
1258 1369 1371 1404 animi

186 1424 379 1464 commotio,
399 1422 456 1457 vel
477 1421 638 1464 brevius,
659 1428 700 1457 ut
725 1422 952 1470 perturbatio
975 1423 1022 1456 sit
1050 1422 1233 1470 appetitus
1262 1419 1389 1457 vehe-=

185 1475 349 1517 mentior,
382 1474 635 1510 vehementior
663 1482 787 1510 autem
821 1474 1052 1522 intelligatur
1082 1476 1125 1519 is,
1151 1474 1217 1522 qui
1243 1474 1372 1523 procul

185 1528 282 1563 absit
300 1541 321 1563 a
340 1535 486 1563 naturae
506 1528 726 1564 constantia.

241 1581 343 1619 Quid
363 1582 407 1616 ad
429 1581 495 1616 has
515 1580 752 1616 definitiones
774 1581 917 1628 possint
944 1579 1092 1616 dicere?
1150 1580 1268 1628 Atqui
1287 1580 1371 1617 haec

185 1633 362 1682 pleraque
400 1640 488 1669 sunt
525 1634 724 1682 prudenter
761 1641 943 1682 acuteque
980 1633 1240 1669 disserentium
1257 1648 1266 1677 3
1307 1633 1371 1670 illa

185 1687 335 1734 quidem
357 1701 404 1723 ex
424 1687 612 1723 rhetorum
634 1700 781 1735 pompa,
802 1687 954 1723 ardores
979 1688 1176 1722 animorum
1205 1692 1370 1736 cotesque

186 1741 368 1776 virtutum.
427 1740 488 1775 An
511 1753 595 1776 vero
614 1741 669 1776 vir
688 1741 802 1784 fortis,
821 1740 892 1776 nisi
913 1739 1134 1776 stomachari
1156 1739 1281 1788 coepit,
1295 1752 1370 1776 non

185 1801 309 1840 potest
328 1793 431 1829 sortis
451 1793 557 1829 esse?
600 1793 872 1830 Gladiatorium
889 1794 925 1829 id
942 1793 1118 1840 quidem3
1141 1805 1370 1841 quamquam

186 1846 225 1881 in
257 1846 309 1882 eis
338 1847 428 1894 ipsis
462 1847 630 1882 videmus
665 1860 764 1895 saepe
791 1847 1060 1883 constantiam:
1092 1846 1368 1894 colloquuntur,

186 1900 487 1947 congrediuntur,
522 1907 739 1947 queruntur,
773 1900 912 1949 aliquid
942 1899 1147 1948 postulant,
1181 1906 1224 1935 ut
1252 1899 1369 1946 magis

186 1952 321 2000 placati
341 1965 453 2000 quam
474 1952 556 1988 irati
577 1966 655 1988 esse
676 1953 885 1989 videantur.
943 1953 1016 1989 Sed
1036 1953 1072 1988 in
1094 1953 1158 1988 illo
1175 1964 1308 2000 genere
1323 1952 1372 1988 sit

187 2017 275 2041 sane
296 2006 518 2041 Pacidianus
537 2006 672 2053 aliquis
691 2006 761 2059 hoc
783 2007 918 2050 animo,
939 2013 981 2042 ut
999 2013 1122 2042 narrat
1142 2005 1311 2041 Lucilius
1329 2018 1337 2043 ε

274 2090 426 2120 Occidam
443 2090 534 2120 illum
549 2090 700 2129 equidem
712 2095 743 2120 et
761 2090 899 2129 vincam,
914 2090 941 2120 si
957 2090 989 2120 id
1006 2090 1162 2130 quaeritis,
1179 2089 1284 2129 inquit
1298 2098 1308 2127 3

274 2133 397 2163 Verum
414 2133 492 2163 illud
509 2134 605 2162 credo
621 2133 690 2162 fore
706 2145 713 2164 :
736 2133 768 2163 iu
785 2144 820 2162 os
837 2135 927 2173 prius
942 2133 1098 2172 accipiam
1116 2133 1194 2171 ipse,

274 2176 380 2211 Quum
397 2176 539 2216 gladium
557 2176 587 2205 in
604 2176 769 2206 stomacho
785 2176 850 2206 suri
867 2187 904 2206 ac
922 2176 1125 2216 pulmonibus
1140 2174 1228 2206 sisto.

275 2219 335 2248 Odi
352 2219 527 2256 hominem,
542 2219 644 2248 iratus
660 2229 777 2258 pugno,
794 2230 852 2249 nec
870 2220 994 2259 longius
1011 2218 1183 2258 quiequam

274 2261 384 2300 Nobis,
401 2272 498 2301 quam
514 2263 639 2292 ‹lextrae
655 2262 797 2301 gladium
815 2263 891 2291 dum
907 2261 1128 2291 accommodet
1143 2260 1249 2299 alter3

275 2304 387 2343 Usque
402 2305 482 2335 adeo
497 2305 604 2334 studio
619 2309 718 2344 atque
733 2305 805 2334 odio
821 2305 906 2335 illius
921 2305 1041 2334 efferor
1055 2303 1113 2333 ira.

241 2380 377 2419 XXII.
409 2381 460 2418 At
481 2382 559 2418 sine
578 2381 646 2418 hac
665 2381 884 2430 gladiatoria
897 2381 1086 2418 iracundia
1101 2381 1272 2429 yidemus
1284 2392 1371 2429 pro·
