1471 2585
51 100 292 153 114—-116,]
399 113 504 139 BOOK
533 114 559 138 1.
581 113 698 139 cHAP.
721 103 783 146 47,
805 104 869 139 48.
1175 104 1225 139 39

49 209 257 252 sacerdotis,
278 207 427 245 Cleobis
447 214 484 245 et
502 208 599 252 Bito,
616 208 685 244 filii
703 208 972 257 praedicantur3
997 213 1085 243 nota
1098 206 1225 244 fabula

48 270 117 299 est.
164 262 290 301 Quum
311 261 409 297 enim
429 262 531 298 illam
550 262 596 298 ad
617 262 768 298 solenne
788 268 824 298 et
843 267 980 298 statum
1000 260 1223 297 sacrificium

48 328 157 352 curru
186 315 270 351 vehi
295 315 359 363 jus
387 322 484 351 esset
513 316 602 351 satis
630 315 741 363 longe
769 316 814 351 ab
841 315 977 363 oppido
1007 315 1053 350 ad
1080 314 1222 357 fanum,

48 375 352 416 morarenturque
380 368 561 416 jumenta,
599 375 687 404 tunc
715 369 876 417 juvenes
912 368 949 411 ii,
981 380 1074 416 quos
1111 367 1222 403 modo

42 422 247 464 nominavi,
276 429 378 457 veste
414 422 544 469 posita,
573 434 725 470 corpora
758 422 839 458 oleo
873 427 1143 469 perunxerunt,
1176 421 1223 456 ad

41 474 178 523 jugum
214 481 458 511 accesserunt
525 475 583 511 Ita
619 475 788 511 sacerdos
824 475 978 510 advecta
1010 474 1048 509 in
1080 474 1222 517 fanum,

47 540 164 576 quum
183 540 310 564 currus
329 536 426 564 esset
444 529 580 564 ductus
607 541 629 563 a
653 528 752 571 filiis,
780 536 926 576 precata
948 540 969 563 a
988 528 1055 563 dea
1075 527 1221 570 dicitur,

46 589 90 618 ut
107 581 181 617 illis
201 582 343 630 praemii
362 582 466 618 daret
484 594 550 630 pro
568 581 704 630 pietate
724 582 823 629 quod
851 581 1057 616 maximum
1082 580 1224 616 homini

47 635 124 670 dari
144 642 268 683 posset
285 648 307 671 a
325 635 416 680 deo3
445 642 529 683 post
543 635 713 683 epulatos
733 647 816 671 cum
837 642 952 670 matre
972 634 1224 670 adolescentes

48 700 178 724 somno
205 701 242 724 se
265 688 422 732 dedisse,
443 701 550 724 mane
568 689 741 724 inventos
767 701 846 725 esse
865 694 1044 724 mortuos.
1103 687 1225 723 Simili
1244 695 1303 724 114

47 742 256 790 precatione
280 741 515 790 Trophonius
541 749 578 777 et
597 742 806 789 Agamedes
833 742 891 777 usi
919 741 1117 777 dicuntur:
1147 740 1222 788 qui,

47 806 164 843 quum
184 795 352 843 Apollini
371 795 528 842 Delphis
546 795 725 843 templum
741 795 1089 835 exaedificavissent‚
1111 806 1223 829 vene-

47 855 170 884 rantes
192 849 303 884 deum
327 849 538 896 petiverunt
563 849 769 884 mercedem
798 860 872 884 non
897 859 1047 896 parvam
1074 846 1225 895 quidem

47 902 167 950 operis
186 908 224 937 et
241 902 376 937 laboris
396 902 465 945 sui,
484 902 576 937 nihil
596 902 694 945 certi,
716 902 780 938 sed
799 901 898 950 quod
919 907 1017 937 esset
1041 900 1226 948 optimum

47 954 203 990 homini.
260 955 409 994 Quibus
433 955 571 1003 Apollo
605 968 642 991 se
674 956 712 991 id
740 957 913 991 daturum
947 954 1112 990 ostendit
1142 959 1228 1001 post

48 1007 128 1057 eJus
147 1008 219 1044 diei
236 1008 333 1044 diem
353 1009 528 1045 tertium:
558 1009 624 1056 qui
649 1015 692 1044 ut
715 1008 855 1051 illuxit,
884 1007 1023 1044 mortui
1053 1013 1141 1042 sunt
1170 1018 1225 1042 re—

49 1061 155 1109 perti.
212 1061 234 1097 J
237 1061 443 1098 udicavisse
463 1062 573 1097 deum
593 1062 735 1105 dicunt,
763 1069 800 1097 et
826 1074 911 1097 eum
932 1061 1083 1109 quidem
1101 1060 1226 1102 deum,

49 1114 109 1150 cui
141 1114 274 1162 reliqui
310 1115 361 1150 dii
398 1115 677 1159 concessissent,
711 1121 754 1151 ut
789 1121 924 1163 praeter
959 1120 1100 1150 ceteros
1132 1112 1227 1148 divi-

48 1173 165 1204 naret.

102 1220 295 1257 XLVIII.
326 1220 491 1257 Affertur
517 1221 627 1257 etiam
653 1221 698 1256 de
725 1221 850 1257 Sileno
880 1219 1014 1256 fabella
1040 1219 1228 1267 quaedam,

50 1274 126 1322 qui,
148 1286 264 1322 quum
284 1286 306 1310 a.
325 1275 430 1310 Mida
449 1282 580 1322 captus
600 1280 708 1317 esset,
728 1275 797 1310 hoc
820 1273 854 1310 ei
879 1272 1042 1309 muneris
1071 1284 1137 1320 pro
1163 1283 1230 1307 sua

49 1327 224 1363 missione
253 1328 397 1364 dedisse
428 1328 625 1364 scribitur:
660 1327 829 1363 docuisse
857 1338 993 1374 regem,
1023 1338 1097 1361 non
1128 1324 1230 1360 nasci

49 1380 191 1417 homini
223 1380 333 1430 longe
368 1381 550 1429 optimum
585 1393 676 1424 esse,
710 1381 926 1429 proximum
960 1386 1084 1415 autem
1117 1389 1231 1426 quam

49 1434 210 1481 primum
237 1435 341 1470 mori,
400 1435 488 1474 Qua
516 1440 574 1470 est
601 1434 785 1470 sententia
811 1434 850 1469 in
877 1432 1108 1481 Cresphonte
1140 1443 1231 1467 usus
1254 1439 1311 1468 115

52 1487 277 1536 Euripides:

251 1555 335 1585 Nam
350 1557 410 1585 n6s
425 1555 571 1593 decebat,
583 1557 693 1585 coe'tus
708 1554 919 1591 celebrante‘s,
932 1553 1063 1583 domum

250 1598 389 1638 Luge're,
400 1598 455 1628 ubi
470 1603 556 1628 esset
572 1598 688 1638 aliquis
702 1597 736 1627 in
751 1597 857 1627 lucem
874 1597 990 1634 e'ditus,

253 1640 414 1671 Humanae
431 1641 508 1671 vitae
522 1641 615 1671 varia
629 1642 818 1680 reputantes
833 1640 919 1669 mala
934 1649 943 1677 ;

252 1684 309 1721 At,
322 1685 379 1723 qui
395 1684 520 1714 labores
536 1686 641 1714 m6rte
657 1684 781 1713 finisset
797 1692 924 1723 graves,

253 1726 350 1756 Hunc
365 1727 453 1757 omni
467 1727 588 1757 amicos
603 1726 699 1757 laude
715 1730 748 1756 et
763 1725 876 1755 laetitia
891 1723 1036 1763 exsequi.

57 1799 185 1835 Simile
202 1798 378 1847 quiddam
399 1805 455 1834 est
467 1798 504 1834 in
523 1797 786 1834 Consolatione
808 1795 996 1832 Crantoris
1014 1809 1021 1831 :
1052 1794 1104 1829 ait
1123 1793 1234 1835 enim,

57 1853 270 1889 Terinaeum
289 1852 477 1899 quendam
498 1851 685 1899 Elysium,
707 1862 826 1898 quum
855 1849 1014 1898 graviter
1042 1847 1109 1883 filii
1137 1858 1235 1882 mor·

56 1912 132 1942 tem
145 1912 325 1948 maereret,
340 1906 483 1940 venisse
498 1905 534 1940 in
551 1903 880 1952 psychomantium
893 1906 1136 1950 quaerentem,
1150 1911 1236 1947 quae

57 1959 189 1995 fuisset
219 1964 334 1994 tantae
368 1957 588 1993 calamitatis
615 1969 768 2001 caussa;
802 1956 890 1992 huic
922 1955 960 1991 in
990 1954 1136 1991 tabellis
1165 1961 1238 1988 tres

57 2011 272 2061 hujusmodi
292 2010 494 2047 versiculos
513 2011 644 2046 datos:

282 2079 410 2119 Ignaris
425 2078 572 2108 homines
587 2078 620 2107 in
635 2078 703 2107 vita
715 2076 879 2107 mentibus
894 2081 1005 2106 errant
1021 2086 1028 2105 z

280 2121 473 2162 Euthynous
488 2121 621 2160 potitur,
635 2120 778 2150 fatorum
792 2120 936 2158 numine,
950 2119 1023 2149 leto,

281 2165 333 2196 Sic
348 2165 409 2194 fuit
423 2164 534 2194 utilius
546 2163 631 2194 finiri
647 2163 772 2203 ipsique
787 2163 920 2202 tibique.

65 2236 138 2272 His
156 2243 194 2272 et
212 2236 349 2273 talibus
366 2235 578 2272 auctoribus
598 2234 656 2270 usi
682 2234 915 2277 confirmant,
939 2243 1107 2268 caussam
1133 2231 1242 2267 rebus
1264 2235 1320 2266 116

63 2301 86 2325 a
121 2289 192 2325 diis
228 2289 500 2325 immortalibus
537 2287 756 2336 J‘udicatam.
829 2286 1041 2322 Alcidamas
1078 2284 1242 2332 quidem,

64 2341 188 2378 rhetor
207 2342 382 2390 antiquus
406 2343 445 2378 in
472 2341 599 2390 primis
621 2340 771 2383 nobilis,
803 2339 948 2387 scripsit
973 2339 1085 2375 etiam
1113 2337 1244 2373 lauda-

66 2394 205 2431 tionem
226 2395 367 2440 mortis,
383 2407 469 2443 quae
485 2399 628 2431 constat
643 2406 692 2430 ex
708 2392 983 2430 enumeratione
999 2391 1245 2427 humanorum

613 2459 634 2482 E
657 2449 679 2482 2
