1471 2585
69 77 208 130 5—7.]
414 92 515 118 Boox
538 93 591 118 1v.
612 93 729 119 CHAP.
752 82 788 126 2,
810 84 848 119 3.
1199 83 1247 119 93

69 192 107 224 et
126 188 246 236 epulis
264 187 548 237 magistratuum
569 189 661 225 fides
681 189 889 237 praecinunt
906 203 913 230 ς
941 188 1040 236 quod
1058 188 1248 236 proprium

70 240 151 289 ejus
169 241 250 285 fuit,
268 242 312 277 de
332 255 406 290 qua
424 242 567 290 loquor,
584 242 805 290 disciplinae.
855 242 948 277 Mihi
971 242 1121 289 quidem
1138 242 1250 277 etiam

56 294 186 342 'Appii
206 295 306 331 Caeci
326 308 485 340 carmen,
504 296 603 344 quod
625 296 730 331 valde
747 296 940 331 Panaetius
954 295 1082 330 laudat
1094 294 1252 343 epistola

70 348 243 395 quadam,
278 361 364 397 quae
396 355 452 385 est
489 350 534 385 ad
564 350 613 388 Q.
646 349 894 393 Tuberonem,
931 348 1251 397 Pythagoreorum

50 400 227 437 evidetur.
285 402 410 438 Multa
428 402 539 438 etiam
558 408 647 438 sunt
664 402 703 438 in
722 403 857 438 nostris
876 402 1056 438 institutis
1075 403 1187 438 ducta
1205 401 1252 437 ab

69 453 154 496 illis,
176 467 262 502 quae
283 461 473 503 praetereo,
494 468 540 491 ne
560 468 614 499 ea,
635 469 722 504 quae
741 456 945 503 repperisse
964 455 1034 503 ipsi
1062 462 1250 504 putamur,

68 506 218 543 aliunde
255 508 428 544 didicisse
465 509 669 545 videamur.
733 509 819 552 Sed,
859 516 900 544 ut
935 509 982 544 ad
1018 509 1251 556 propositum
1271 515 1288 543 5

67 560 194 596 redeat
213 562 341 605 oratio,
363 575 475 609 quarn
495 562 599 598 brevi
619 569 782 610 tempore
796 568 891 610 quot
909 569 946 598 et
966 563 1095 609 quanti
1116 567 1251 609 poetae,

69 613 134 660 qui
154 623 280 651 autem
309 623 470 651 oratores
490 616 739 652 exstiterunt!
771 615 876 651 facile
897 622 938 651 ut
956 623 1143 663 appareat,
1165 627 1252 651 nos-

68 673 145 702 tros
164 669 289 704 omnia
308 669 484 717 consequi
502 669 680 717 potuisse,
704 669 814 705 simul
832 675 874 704 ut
894 669 988 704 velle
1009 669 1224 716 coepissent.

121 720 201 758 ΙΙΙ.
233 722 307 757 Sed
338 723 384 758 de
414 723 543 759 ceteris
575 723 708 758 studiis
738 722 810 758 alio
838 722 919 758 loco
946 728 982 757 et
1012 722 1190 766 dicemus,
1221 721 1254 757 si

67 786 159 810 usus
179 775 299 819 fuerit,
321 782 358 811 et
376 789 477 824 saepe
496 776 676 812 diximus.
734 775 937 824 Sapientiae
959 776 1123 811 studium
1145 782 1253 811 vetus

66 827 105 863 id
126 827 279 876 quidem
298 829 336 864 in
354 830 515 873 nostris;
547 830 611 865 sed
631 836 754 865 tamen
783 836 867 865 ante
898 829 1008 865 Laelii
1035 835 1187 864 aetatem
1216 835 1254 865 et

68 881 252 929 Scipionis
271 895 346 918 non
365 883 519 931 reperio,
541 895 633 930 quos
652 883 837 931 appellare
858 883 998 931 possim
1019 882 1252 918 nominatim.

68 934 218 973 Quibus
248 936 547 972 adolescentibus
577 937 744 973 Stoicum
774 936 968 984 Diogenen
998 943 1035 972 et
1055 935 1253 971 Academi-

68 1000 152 1023 cum
187 988 416 1025 Carneadem
446 990 553 1026 video
586 990 632 1025 ad
664 990 844 1026 Senatum
879 990 924 1025 ab
959 989 1254 1025 Atheniensibus

67 1041 202 1077 missos
239 1054 319 1078 esse
349 1043 503 1091 legatos.
561 1043 638 1082 Qui
669 1056 786 1091 quum
823 1043 875 1078 rei
910 1043 1074 1091 publicae
1110 1042 1254 1078 nullam

71 1107 246 1143 umquam
268 1102 411 1143 partem
431 1096 653 1144 attigissent,
675 1104 849 1144 essetque
871 1109 996 1132 eorum
1023 1096 1114 1132 alter
1135 1096 1253 1144 Cyre-

68 1160 188 1191 naeus,
202 1148 294 1184 alter
314 1149 560 1197 Babylonius,
575 1162 782 1196 numquam
798 1150 961 1197 profecto
979 1149 1114 1185 scholis
1130 1154 1255 1184 essent

67 1201 219 1237 excitati
241 1214 363 1250 neque
382 1203 428 1238 ad
448 1202 542 1238 illud
561 1215 699 1239 munus
718 1203 839 1246 electi,
859 1202 930 1237 nisi
958 1203 997 1238 in
1027 1202 1252 1249 quibusdam

66 1254 295 1303 principibus
330 1256 559 1303 temporibus
595 1256 670 1291 illis
706 1256 867 1292 fuissent
906 1256 1029 1291 studia
1058 1255 1251 1291 doctrinae.

69 1307 147 1346 Qui
167 1321 283 1356 quum
313 1316 433 1345 cetera
460 1309 593 1345 litteris
622 1310 852 1352 mandarent,
872 1309 933 1344 alii
957 1309 1021 1357 J'us
1050 1308 1169 1352 civile,
1191 1309 1255 1344 alii

67 1361 251 1398 orationes
272 1374 370 1406 suas,
392 1362 455 1398 alii
474 1368 716 1399 monumenta
742 1363 948 1411 majorum:
978 1363 1073 1397 hanc
1102 1362 1254 1410 amplis-

69 1414 202 1451 simam
230 1416 397 1451 omnium
426 1416 575 1459 artium,
597 1417 691 1451 bene
720 1416 870 1452 vivendi
898 1415 1146 1464 disciplinam,
1176 1415 1254 1451 vita

69 1468 186 1516 magis
206 1481 318 1516 quam
337 1469 471 1505 litteris
496 1469 680 1518 persecuti
701 1475 800 1505 sunt.
859 1470 992 1517 Itaque
1021 1469 1123 1504 illius
1151 1481 1251 1505 verae
1272 1477 1290 1507 6

68 1521 324 1570 elegantisque
344 1523 602 1571 philosophiae,
623 1535 710 1570 quae
731 1523 842 1558 ducta
861 1536 882 1558 a
902 1523 1052 1558 Socrate
1079 1523 1118 1558 in
1149 1522 1252 1559 Peri-

67 1575 238 1622 pateticis
257 1575 378 1612 adhuc
398 1577 600 1624 permansit
619 1584 656 1612 et
673 1577 771 1612 idem
802 1576 874 1612 alio
903 1576 1014 1611 modo
1043 1575 1252 1611 dicentibus

69 1628 216 1672 Stoicis,
238 1641 355 1676 quum
377 1630 590 1666 Academici
610 1642 739 1666 eorum
767 1629 1036 1666 controversias
1065 1629 1252 1676 discepta-

68 1689 162 1726 rent,
183 1682 287 1718 nulla
304 1683 377 1719 fere
398 1689 486 1719 sunt
503 1690 568 1719 aut
588 1696 705 1731 pauca
731 1683 933 1719 admodum
954 1682 1089 1718 Latina
1116 1694 1252 1717 monu-

68 1742 206 1778 menta,
227 1736 303 1771 sive
323 1743 472 1784 propter
489 1737 783 1784 magnitudinem
802 1748 925 1771 rerum
952 1735 1251 1782 occupationem-

69 1800 142 1836 que
163 1788 370 1831 hominum‚
385 1790 462 1825 sive
482 1790 591 1825 etiam
609 1790 708 1837 quod
728 1789 907 1837 imperitis
925 1801 966 1824 ea
982 1789 1127 1836 probari
1143 1800 1252 1836 posse

68 1853 144 1877 non
175 1841 470 1879 arbitrabantur:
500 1855 618 1890 quum
655 1843 814 1885 interim,
850 1842 923 1877 illis
960 1842 1168 1886 silentibus,
1205 1842 1249 1878 C.

67 1894 282 1930 Amafinius
312 1896 458 1931 exstitit
486 1896 625 1939 dicens,
657 1895 764 1944 cujus
797 1895 900 1931 libris
930 1895 1038 1931 editis
1067 1900 1253 1931 commota

68 1947 271 1984 multitudo
287 1949 446 1985 contulit
463 1961 502 1984 se
518 1949 562 1984 ad
579 1949 733 1989 eandem
749 1948 985 1997 potissimum
1001 1948 1250 1996 disciplinam,

70 2001 147 2037 sive
167 2002 266 2049 quod
287 2009 363 2038 erat
383 2002 533 2050 cognitu
552 2002 748 2049 perfacilis,
770 2002 848 2038 sive
867 2003 967 2050 quod
996 2002 1252 2037 invitabantur

68 2053 250 2090 illecebris
278 2055 427 2091 blandae
457 2055 673 2103 voluptatis,
694 2055 771 2091 sive
797 2055 906 2092 etiam
937 2056 1024 2103 quia
1051 2054 1145 2090 nihil
1174 2060 1252 2090 erat

68 2108 256 2155 prolatum
277 2108 420 2152 melius,
437 2108 542 2151 illud,
560 2110 658 2156 quod
681 2115 768 2152 erat,
788 2109 976 2145 tenebant.
1026 2109 1117 2144 Post
1133 2107 1249 2143 Ama-
1271 2114 1288 2146 7

68 2160 201 2196 finium
221 2168 346 2197 autem
367 2161 477 2197 multi
497 2161 662 2210 ejusdem
682 2162 811 2198 aemuli
828 2161 980 2197 rationis
1000 2161 1121 2196 multa
1132 2172 1250 2207 quum

69 2213 313 2261 scripsissent,
332 2215 477 2251 ltaliam
488 2221 603 2250 totam
619 2222 916 2263 occupaverunt3
939 2215 1113 2262 quodque
1127 2213 1250 2249 maxi-

69 2278 173 2303 mum
202 2275 464 2315 argumentum
494 2275 561 2311 est,
582 2280 655 2304 non
676 2269 747 2304 dici
776 2269 840 2304 illa
869 2267 1063 2310 subtiliter,
1085 2267 1186 2315 quod
1214 2272 1252 2303 et

69 2319 174 2356 facile
199 2322 410 2357 ediscantur
436 2328 472 2357 et
491 2321 537 2356 ab
556 2321 714 2358 indoctis
741 2322 957 2370 probentur,
977 2320 1015 2356 id
1042 2320 1097 2356 illi
1124 2320 1251 2356 firma-

70 2379 238 2410 mentum
258 2387 337 2411 esse
356 2374 563 2423 disciplinae
582 2381 729 2423 putant.
