1471 2585
211 81 261 116 44
526 89 727 115 'ruchLAN
757 90 1053 115 mspunnous.
1191 76 1378 128 [lo—1⁴2.

212 184 312 233 quod
332 184 458 221 datum
489 190 544 221 est
571 184 747 233 temporis
778 184 897 229 nobis,
926 185 965 221 in
993 198 1037 222 eo
1069 186 1380 234 consumpsimus.

212 238 346 286 Itaque
366 251 482 286 quum
502 244 587 274 ante
604 238 792 274 meridiem
809 238 963 274 dictioni
978 251 1124 287 operam
1140 240 1381 285 dedissemus,

211 291 307 327 sicut
338 291 453 339 pridie
486 291 701 335 feceramus,
738 298 822 339 post
852 291 1040 327 meridiem
1076 292 1114 328 in
1143 293 1381 329 Academiam

211 344 483 380 descendimus.
537 345 581 380 In
602 357 676 393 qua
694 345 981 392 disputationem
999 345 1162 382 habitam
1182 358 1255 382 non
1275 346 1383 394 quasi

211 404 399 434 narrantes
419 398 655 446 exponimus,
676 398 740 434 sed
769 398 906 434 eisdem
931 398 1005 434 fere
1035 399 1166 442 verbis,
1188 406 1229 435 ut
1256 405 1381 436 actum

211 451 513 499 disputatumque
533 457 601 487 est.

158 512 195 541 10
266 503 336 540 IV.
368 504 437 540 Est
455 504 569 553 igitur
586 503 864 540 ambulantibus
889 505 934 540 ad
962 504 1061 541 hunc
1088 505 1240 541 modum
1264 517 1382 542 sermo

212 557 273 593 ille
293 557 400 593 nobis
418 557 612 594 institutus
633 565 669 594 et
687 570 709 593 a
727 557 791 594 tali
812 558 971 605 quodam
992 558 1124 594 ductus
1143 559 1317 595 exordio:

265 609 315 647 A.
347 611 430 647 Dici
451 623 526 646 non
554 617 686 658 potest,
707 623 818 658 quam
849 611 916 646 sim
944 611 1113 647 hesterna
1135 611 1383 660 disputatione

212 672 277 700 tua
294 664 497 700 delectatus
517 664 575 699 vel
593 664 717 713 potius
736 664 898 712 adjutus.
957 664 1039 700 Etsi
1066 665 1163 700 enim
1190 665 1279 700 mihi
1300 677 1382 701 sum

212 717 392 762 conscius,
429 729 634 764 numquam
671 729 728 752 me
764 718 874 753 nimis
913 717 1002 754 vitae
1044 718 1219 766 cupidum
1256 718 1382 761 fuisse,

212 777 334 806 tamen
366 771 550 806 interdum
587 770 829 819 objiciebatur
859 770 981 807 animo
1017 778 1139 807 metus
1169 771 1327 820 quidam*
1349 777 1385 807 et

211 824 317 860 dolor
336 824 524 872 cogitanti,
540 823 615 860 fore
631 823 829 872 aliquando
844 824 958 860 finem
977 824 1090 873 hujus
1108 825 1202 860 lucis
1221 831 1257 861 et
1272 824 1383 860 amis-

211 877 352 913 sionem
381 877 548 912 omnium
567 877 655 913 vitae
684 878 973 914 commodorum.
1033 878 1117 913 Hoc
1145 890 1276 926 genere
1304 890 1395 914 mo-

211 929 331 966 lestiae
362 930 425 974 sie,
460 929 551 966 mihi
579 931 696 972 crede,
731 943 813 967 sum
843 931 1032 975 liberatus,
1063 938 1106 966 ut
1138 931 1231 966 nihil
1260 931 1385 967 minus

210 984 414 1020 curandum
433 990 574 1031 putem.

157 1044 191 1074 11
264 1035 324 1073 M.
356 1036 512 1072 Minime
531 1036 663 1072 mirum
682 1036 720 1072 id
739 1036 902 1084 quidem.
958 1036 1055 1072 Nam
1082 1037 1193 1073 efficit
1210 1037 1279 1073 hoc
1302 1036 1385 1085 phi-

210 1089 380 1138 losophia
395 1103 403 1126 :
434 1090 601 1125 medetur
616 1090 759 1134 animis,
776 1090 903 1126 inanes
921 1090 1186 1126 sollicitudines
1201 1090 1382 1135 detrahit3

212 1143 480 1191 cupiditatibus
498 1143 640 1186 liberat,
661 1142 767 1191 pellit
789 1143 952 1180 timores.
1009 1143 1083 1179 Sed
1110 1143 1190 1180 haec
1219 1143 1302 1192 ejus
1330 1144 1385 1180 vis

212 1209 287 1232 non
307 1196 404 1232 idem
425 1202 546 1244 potest
566 1196 663 1244 apud
683 1208 810 1232 omnes
828 1211 836 1240 3
866 1202 945 1232 tum
962 1196 1062 1232 valet
1080 1197 1251 1241 multum,
1269 1209 1385 1245 quum

213 1256 270 1286 est
287 1250 458 1285 idoneam
478 1249 674 1297 complexa
691 1256 873 1285 naturam.
921 1249 1046 1286 Fortes
1065 1250 1161 1285 enim
1182 1262 1255 1285 non
1275 1250 1386 1287 modo

213 1302 374 1340 Fortuna
393 1302 555 1351 adjuvat,
576 1310 618 1338 ut
643 1310 699 1337 est
725 1302 764 1337 in
793 1309 912 1338 vetere
938 1302 1144 1351 proverbio,
1176 1303 1239 1338 sed
1267 1303 1386 1340 multo

212 1356 330 1404 magis
354 1356 458 1399 ratio,
479 1367 564 1402 quae
585 1355 806 1403 quibusdam
835 1355 940 1403 quasi
966 1356 1161 1404 praeceptis
1191 1356 1399 1405 confirmas

212 1410 287 1445 vim
310 1408 549 1445 fortitudinis.
607 1408 661 1444 Te
689 1414 821 1444 natura
849 1408 1038 1444 excelsum
1066 1409 1253 1457 quendam
1282 1410 1386 1445 vide-

212 1462 297 1498 licet
323 1468 360 1498 et
387 1462 504 1497 altum
530 1468 567 1497 et
596 1460 757 1497 humana
785 1461 1045 1509 despicientem
1076 1462 1228 1510 genuit;
1261 1462 1386 1510 itaque

213 1515 318 1552 facile
337 1515 375 1550 in
396 1515 516 1550 animo
537 1515 620 1550 forti
639 1521 766 1550 contra
783 1521 936 1550 mortem
956 1515 1082 1551 habita
1100 1515 1237 1551 insedit
1255 1517 1384 1552 oratio.

215 1568 289 1604 Sed
308 1569 388 1604 haec
407 1568 534 1604 eadem
554 1580 643 1603 num
669 1580 798 1604 censes
823 1568 922 1616 apud
951 1580 1014 1604 eos
1043 1568 1143 1616 ipsos
1163 1569 1294 1612 valere,
1316 1570 1386 1605 nisi

214 1622 415 1658 admodum
451 1633 602 1669 paucos,
641 1633 662 1656 a
691 1621 828 1669 quibus
864 1621 1026 1664 inventa,
1065 1622 1263 1669 disputata,
1299 1635 1385 1658 con·

215 1675 350 1723 scripta
367 1674 480 1710 sunt?
537 1674 686 1713 Quotus
705 1674 804 1709 enim
823 1674 980 1722 quisque
999 1674 1300 1722 philosophorum
1328 1675 1386 1711 in-

217 1729 373 1770 venitur,
394 1728 457 1776 qui
477 1728 523 1763 sit
538 1728 590 1763 ita
603 1734 779 1771 moratus,
794 1727 847 1763 ita
861 1727 984 1763 animo
999 1740 1040 1763 ac
1056 1727 1133 1763 vita
1147 1728 1386 1772 constitutus,

215 1788 258 1817 ut
285 1781 378 1817 ratio
407 1780 596 1828 postulat?
633 1780 697 1829 qui
726 1780 956 1829 disciplinam
985 1793 1088 1816 suam
1118 1793 1192 1816 non
1222 1787 1386 1818 ostenta-

216 1834 355 1870 tionem
375 1834 551 1877 scientiae,
573 1834 635 1869 sed
655 1834 773 1882 legem
799 1834 889 1870 vitae
915 1834 1046 1882 putet?
1077 1834 1141 1881 qui
1160 1835 1388 1883 obtemperet

161 1895 199 1925 12
217 1887 294 1935 ipse
314 1887 383 1923 sibi
404 1893 441 1922 et
460 1887 614 1923 decretis
633 1887 710 1922 suis
729 1886 881 1935 pareat?
920 1886 1054 1923 Videre
1069 1887 1154 1923 licet
1173 1887 1265 1923 alios
1286 1893 1387 1924 tanta

216 1941 366 1976 levitate
396 1946 433 1976 et
459 1939 670 1988 jactatione,
698 1947 741 1976 ut
766 1940 810 1975 iis
833 1940 942 1977 fuerit
959 1952 1032 1976 non
1053 1940 1222 1976 didicisse
1242 1941 1386 1984 melius,

217 1994 308 2029 alios
320 1993 489 2042 pecuniae
503 1993 668 2041 cupidos,
679 1993 806 2041 gloriae
819 1993 1031 2037 nonnullos,
1042 1993 1177 2029 multos
1191 1993 1387 2030 libidinum

217 2059 353 2091 servos,
384 2053 427 2082 ut
455 2058 539 2082 cum
572 2058 698 2082 eorum
729 2043 804 2082 vi‘ta
837 2047 1051 2083 mirabiliter
1081 2053 1220 2095 pugnet
1246 2046 1384 2084 oratio:

217 2101 317 2147 quod
357 2099 507 2147 quidem
549 2099 640 2134 mihi
684 2099 829 2134 videtur
869 2112 947 2136 esse
991 2099 1257 2148 turpissimum.
1333 2099 1387 2136 Ut

217 2153 329 2196 enim,
356 2153 385 2189 si
414 2152 693 2201 grammaticum
730 2164 767 2187 se
802 2153 989 2200 professus
1025 2152 1204 2201 quispiam
1236 2153 1387 2190 barbare

217 2205 392 2254 loquatur
410 2212 474 2242 aut
490 2206 521 2241 si
545 2205 702 2241 absurde
721 2211 827 2241 canat
845 2205 887 2249 is,
908 2206 970 2254 qui
992 2219 1030 2242 se
1049 2205 1173 2241 haberi
1196 2205 1282 2241 velit
1301 2218 1385 2242 mu-

219 2258 347 2301 sicum,
379 2259 448 2294 hoc
477 2258 618 2307 turpior
649 2259 707 2302 sit,
737 2259 836 2306 quod
870 2259 907 2294 in
939 2272 981 2294 co
1008 2259 1087 2306 ipso
1115 2265 1252 2306 peccet,
1280 2259 1385 2307 quus

218 2312 410 2360 profitetur
443 2312 657 2348 scientiam:
704 2311 754 2347 sic
787 2311 1029 2360 philosophus
1058 2311 1095 2346 in
1128 2312 1216 2348 vitae
1245 2312 1385 2348 ratione

218 2377 372 2413 peccans
398 2364 466 2401 hoc
495 2365 636 2413 turpior
662 2371 729 2409 est,
753 2365 851 2412 quod
872 2365 907 2400 in
936 2364 1065 2408 officio,
1086 2364 1191 2413 cujus
1213 2365 1386 2414 magister
