1471 2585
70 63 263 115 78—80.]
407 76 514 101 BOOK
533 76 587 102 lv.
609 76 726 101 CHAP.
750 65 920 105 35—37.
1182 67 1256 106 117

69 171 193 216 Nosti,
227 184 313 220 quae
346 178 577 219 sequuntur3
607 170 762 207 alternis
797 171 895 207 enim
933 171 1101 207 versibus
1138 170 1256 207 intor-

69 233 232 274 quentur
261 226 356 261 inter
387 224 516 260 fratres
541 224 771 274 gravissimae
799 225 1048 269 contumeliae,
1079 230 1122 260 ut
1149 224 1255 260 facile

60 285 254 327 appareat,
275 278 382 314 Atrei
401 278 498 314 filios
518 291 611 322 esse,
631 278 711 326 ejus
731 278 797 325 qui
826 278 1027 314 meditatur
1045 290 1197 326 poenam
1216 277 1256 313 in

67 332 215 369 fratrem
234 344 368 367 novam
387 345 395 368 :

195 404 307 445 Maj6r
321 404 401 434 mihi
417 405 529 443 moles,
544 405 651 445 majus
667 405 870 435 miscendum
886 404 1019 443 malum,

195 448 259 483 Qui
275 447 362 478 illius
377 448 532 478 acerbum
549 450 605 478 061·
621 449 817 478 contundam
833 454 865 479 et
881 448 1108 488 comprimam.

70 516 157 556 Quo
176 517 290 566 igitur
308 517 389 554 haec
409 518 570 567 erumpit
588 518 734 554 moles?
763 518 865 555 Audi
886 518 1088 566 Thyestem
1105 530 1113 553 :

197 593 333 635 'Impius
348 595 500 626 hortatur
514 606 566 625 me
582 595 696 636 frater,
713 598 749 626 sit
763 606 853 627 meos
868 596 964 626 malis
979 595 1079 625 miser

198 637 392 669 Mandarem
408 641 502 669 natos

69 707 213 744 Eorum
232 708 373 745 viscera
392 709 559 757 apponit.
618 709 720 748 Quid
749 715 805 745 est
833 709 945 752 enirn,
964 721 1038 756 quo
1067 720 1141 743 non
1170 720 1256 756 pro—

68 763 257 810 grediatur
284 763 413 798 eodem
442 763 506 806 ira,
529 775 604 811 quo
633 762 758 799 furor?
817 763 950 810 Itaque
978 762 1091 797 iratos
1111 761 1257 810 proprie

69 814 226 851 dicimus
257 816 380 851 exisse
411 817 457 852 de
489 823 684 864 potestate,
709 816 746 851 id
775 821 830 852 est
859 816 903 851 de
933 815 1097 859 consilio,
1125 815 1170 851 de
1199 827 1257 851 ra-

69 868 182 912 tione,
203 869 249 905 de
270 876 418 913 mente;
441 868 573 905 horum
594 870 692 905 enim
707 875 871 917 potestas
891 869 929 904 in
950 875 1070 905 totum
1090 868 1256 904 animum

68 934 149 958 esse
168 922 290 959 debet.
351 923 423 958 His
453 932 518 959 aut
552 923 794 959 subtrahendi
823 929 910 958 sunt
929 922 974 966 ei,
996 922 1034 958 in
1065 935 1159 969 quos
1186 922 1255 957 im-

68 981 198 1023 petum
219 982 400 1012 conantur
418 976 548 1019 facere,
570 977 660 1012 dum
690 989 727 1012 se
756 976 826 1024 ipsi
857 976 1034 1024 colligant
1062 973 1172 1023 (quid
1201 981 1258 1011 est

68 1036 194 1064 autem
229 1042 267 1065 se
298 1029 421 1077 ipsum
451 1030 634 1078 colligere,
661 1030 734 1065 nisi
759 1029 956 1077 dissipatas
987 1029 1101 1065 animi
1133 1035 1256 1077 partes

68 1093 215 1118 rursum
236 1082 275 1117 in
296 1095 405 1118 suum
425 1082 549 1119 locum
569 1096 697 1132 cogere
711 1081 746 1130 2)
774 1088 839 1119 aut
867 1083 1021 1131 rogandi
1049 1082 1255 1130 orandique

69 1141 169 1179 sunt,
200 1142 253 1179 ut,
285 1136 315 1171 si
348 1148 460 1183 quam
490 1136 630 1172 habent
662 1136 867 1172 ulciscendi
898 1136 987 1178 vim,
1018 1135 1189 1172 differant
1217 1135 1257 1170 in

70 1195 217 1236 tempus
237 1189 350 1233 aliud,
372 1190 462 1225 dum
482 1189 709 1226 defervescat
727 1189 792 1226 ira.
848 1189 1111 1225 Defervescere
1131 1194 1258 1224 autem

69 1248 166 1278 certe
187 1241 371 1290 significat
390 1243 556 1278 ardorem
588 1243 702 1278 animi
729 1242 847 1278 invita
874 1242 1017 1278 ratione
1037 1241 1256 1278 excitatum.

69 1294 134 1331 EX
154 1307 228 1343 quo
248 1295 342 1331 illud
362 1295 536 1332 laudatur
554 1296 747 1344 Archytae,
769 1295 834 1344 qui
854 1308 970 1343 quum
991 1295 1115 1331 villico
1134 1294 1256 1330 factus

68 1355 166 1384 esset
184 1348 320 1394 iratior,
346 1348 424 1389 Quo
444 1355 477 1385 te
495 1350 608 1394 modo,
630 1349 765 1397 inquit,
786 1350 1017 1398 accepissem,
1039 1349 1111 1384 nisi
1139 1349 1256 1384 iratus

69 1403 208 1438 essem!

121 1454 336 1492 XXXVII.
367 1455 446 1492 Ubi
465 1461 553 1492 sunt
571 1469 658 1505 ergo
677 1456 750 1501 isti,
772 1456 836 1504 qui
864 1455 1093 1492 iracundiam
1122 1454 1255 1491 utilem

68 1508 199 1547 dicunt
234 1511 376 1557 (potest
412 1509 516 1545 utilis
560 1522 639 1545 esse
677 1510 821 1546 insania
840 1508 876 1558 ἲ)
911 1516 977 1545 aut
1013 1507 1253 1544 naturalem?

68 1561 131 1598 An
145 1561 345 1610 quicquam
361 1568 417 1598 est
436 1563 643 1599 secundum
656 1570 840 1607 naturam,
854 1563 956 1611 quod
971 1562 1014 1598 fit
1023 1567 1255 1609 repugnante

68 1615 240 1652 ratione?
299 1616 386 1654 Quo
415 1616 526 1651 modo
555 1623 693 1660 autem,
714 1617 743 1653 si
772 1616 950 1652 naturalis
974 1622 1071 1651 esset
1099 1615 1163 1656 ira,
1189 1620 1256 1650 aut

69 1668 166 1704 alius
201 1669 274 1704 alio
309 1669 427 1717 magis
463 1669 662 1706 iracundus
699 1669 822 1706 esset?
861 1676 926 1705 aut
956 1669 1068 1704 finem
1104 1667 1258 1704 haberet

68 1721 185 1769 prius,
206 1735 317 1770 quam
338 1728 435 1758 esset
454 1722 545 1765 ulta,
562 1723 764 1759 ulciscendi
783 1722 926 1758 libido?
947 1728 1014 1757 aut
1028 1733 1256 1768 quemquam

68 1775 280 1822 poeniteret,
301 1776 400 1822 quod
419 1776 566 1812 fecisset
581 1789 645 1824 per
656 1776 746 1812 iram
763 1776 776 1812 ’ἰ
797 1782 840 1812 ut
851 1775 1112 1811 Alexandrum
1132 1786 1256 1822 regern

70 1828 254 1873 videmus,
268 1829 333 1875 qui
345 1841 461 1876 quum
475 1829 721 1865 interemisset
735 1829 889 1873 Clitum,
900 1828 1115 1864 familiarem
1130 1840 1254 1872 suum,

68 1881 135 1917 vix
156 1894 177 1917 a
195 1894 233 1917 se
253 1894 386 1917 manus
406 1882 608 1926 abstinuit;
631 1888 734 1918 tanta
750 1883 804 1918 vis
820 1882 890 1918 fuit
906 1881 1126 1930 poenitendi.
1159 1881 1255 1920 Qui-

68 1934 141 1970 bus
161 1935 329 1983 cognitiS‚
347 1935 430 1982 quis
450 1941 517 1977 est,
533 1935 597 1982 qui
616 1935 772 1979 dubitet,
786 1936 876 1983 quin
891 1935 950 1972 hic
966 1947 1116 1983 quoque
1129 1940 1255 1970 motus

69 1987 183 2023 animi
203 1988 251 2023 sit
266 1994 367 2023 totus
379 1988 574 2035 opinabilis
591 2001 632 2024 ac
651 1988 879 2025 voluntarius
896 1989 910 2025 ἵ
959 1988 1054 2027 Quis
1071 1987 1168 2024 enim
1185 1987 1254 2022 du-

68 2040 206 2083 bitarit,
227 2041 317 2089 quin
339 2041 599 2089 aegrotationes
628 2042 755 2085 animi,
774 2042 895 2090 qualis
915 2049 970 2078 est
987 2040 1152 2082 avaritia,
1173 2040 1254 2088 glo-

69 2094 135 2130 riae
155 2095 349 2142 cupiditaS,
380 2106 426 2129 ex
451 2107 504 2135 eo,
527 2096 627 2142 quod
655 2096 781 2143 magni
810 2096 1017 2131 aestimetur
1044 2106 1088 2129 ea
1114 2105 1184 2136 res,
1206 2105 1255 2131 ex

71 2159 146 2195 qua
175 2148 321 2184 animus
349 2154 518 2195 aegrotat,
546 2148 738 2185 oriantur?
797 2148 908 2185 Unde
941 2146 1101 2195 intelligi
1131 2146 1253 2190 debet,

1276 925 1314 957 78

1275 1458 1314 1492 79

70 2201 387 2248 perturbationem
406 2213 554 2248 quoque
575 2214 721 2237 omnem
739 2215 818 2238 esse
847 2202 884 2237 in
910 2201 1095 2249 opinione.
1153 2199 1204 2235 Et
1224 2200 1254 2235 si
1273 2206 1314 2236 80

69 2253 235 2298 fidentia,
256 2254 292 2289 id
313 2261 369 2290 est
388 2254 495 2289 firma
514 2254 626 2290 animi
644 2255 809 2298 confisio,
832 2254 984 2290 scientia
1006 2253 1179 2301 quaedam
1199 2258 1256 2289 est

72 2312 110 2342 et
127 2307 251 2355 opinio
269 2307 392 2356 gravis
418 2319 493 2343 non
522 2314 657 2344 temere
685 2308 934 2352 assentientis,
955 2314 1076 2343 metus
1104 2318 1255 2354 quoque
