1471 2585
55 109 141 145 119.
166 105 299 158 1—3.]
328 119 430 144 BOOK
459 119 485 144 1.
507 119 623 144 enar.
645 110 710 144 49.
741 117 844 143 BOOK
874 117 916 142 11.
940 118 1056 142 CHAP.
1081 107 1115 142 1.
1179 107 1222 141 41

53 213 148 251 fecto
172 213 242 250 fuit
267 214 441 262 quaedam
468 213 535 257 vis,
562 225 648 261 quae
676 213 800 262 generi
829 212 1037 250 consuleret
1065 211 1229 248 humano

51 279 121 312 nec
151 268 189 304 id
217 267 384 316 gigneret
414 274 478 303 aut
510 267 634 310 aleret,
665 267 777 315 quod,
809 279 924 315 quum
958 265 1230 301 exanclavisset

54 333 180 357 omnes
205 321 360 365 labores,
385 328 464 356 tum
492 320 670 356 incideret
697 320 735 356 in
765 320 894 356 mortis
919 319 1060 355 malum
1092 317 1227 366 sempi-

53 382 211 410 ternum.
273 374 429 411 Portum
459 373 583 422 potius
614 380 783 421 paratum
816 373 922 409 nobis
953 379 990 409 et
1019 371 1228 420 perfugium

45 427 249 475 putemus!
301 428 387 467 Quo
406 427 548 463 utinam
568 427 659 462 velis
678 427 795 475 passis
816 426 966 475 pervehi
985 425 1115 461 liceat!
1163 424 1228 460 Sin
1250 432 1307 461 119

52 480 268 518 reflantibus
284 481 404 517 ventis
420 480 638 528 rejicimur,
653 487 777 516 tamen
797 480 926 516 eodem
947 479 1073 527 paullo
1089 478 1229 515 tardius

52 533 251 570 referamur
279 547 428 570 necesse
460 540 528 570 est.
587 533 699 572 Quod
725 540 849 569 autem
879 533 1052 569 omnibus
1080 544 1230 567 necesse

52 592 119 631 est,
139 587 224 623 idne
248 589 423 624 miserum
452 600 531 623 esse
559 587 626 622 uni
656 593 778 634 potest
792 586 994 622 ?—Habes
1027 585 1228 634 epilogum,

52 651 98 676 ne
118 641 206 688 quid
226 641 516 690 praetermissum
538 648 602 676 aut
620 640 789 676 relictum
806 646 925 688 putes.

105 693 154 729 A.
184 694 266 742 Ego
288 708 372 731 vero
390 709 398 738 3
431 700 467 730 et
486 693 636 742 quidem
652 693 738 729 fecit
757 693 867 729 etiam
887 693 956 729 iste
975 705 1033 728 me
1059 691 1231 740 epilogus

52 746 263 784 firmiorem.
331 747 391 784 M.
423 747 587 795 Optime,
621 747 788 795 inquam.
846 747 921 782 Sed
950 758 1050 782 nunc
1081 745 1231 792 quidem

52 799 256 836 valetudini
285 801 490 837 tribuamus
517 800 685 847 aliquid;
717 812 795 836 cras
820 807 944 835 autem
971 808 1008 835 et
1035 804 1128 846 quot
1154 798 1232 834 dies

52 853 188 890 erimus
219 854 259 890 in
291 855 517 898 Tusculano,
549 866 702 901 agamus
732 853 814 889 haec
845 859 882 889 et
911 865 954 889 ea
982 852 1231 901 potissimum,

53 919 140 954 quae
153 907 376 944 levationem
389 908 550 944 habeant
565 907 842 955 aegritudinum,
856 906 1107 948 formidinum,
1128 905 1232 953 cupi-

54 959 210 997 ditatum
225 975 233 998 :
263 962 329 1010 qui
348 961 448 998 omni
464 974 483 997 e
505 960 738 1010 philosophia
756 966 813 996 est
830 960 973 996 fructus
991 959 1212 995 uberrimus.

362 1187 549 1228 LIBER
580 1186 921 1229 SECUNDUS.

53 1280 87 1317 I.
118 1279 413 1316 NEOPTOLEMUS
429 1280 578 1328 quidem
594 1280 693 1327 apud
711 1279 876 1315 Ennium
888 1278 1146 1328 philosophari
1164 1279 1235 1315 sibi
1254 1285 1266 1313 l

53 1333 105 1369 ait
126 1346 268 1370 necesse
293 1346 380 1377 esse,
414 1334 479 1369 sed
502 1335 661 1382 paucis;
692 1345 773 1368 nam
793 1334 931 1368 omnino
951 1332 1050 1368 haud
1066 1331 1231 1380 placere.

55 1387 138 1435 Ego
167 1393 304 1429 autem,
335 1387 462 1430 Brute,
492 1399 641 1422 necesse
668 1386 758 1422 mihi
790 1386 941 1435 quidem
971 1398 1050 1421 esse
1080 1385 1235 1421 arbitror

54 1440 306 1488 philosophari
323 1455 332 1484 ς
363 1452 455 1492 nam·
467 1440 557 1487 quid
583 1452 748 1488 possum,
768 1439 976 1488 praesertim
994 1438 1088 1474 nihil
1107 1450 1232 1486 agens,

56 1505 162 1542 agere
189 1493 353 1529 melius?
399 1493 462 1529 sed
492 1505 566 1529 non
600 1493 739 1541 paucis,
770 1499 814 1529 ut
845 1492 920 1528 ille.
989 1491 1150 1528 Difficile
1179 1499 1235 1528 est

57 1547 155 1582 enim
175 1546 213 1582 in
235 1546 467 1595 philosophia
493 1558 612 1594 pauca
634 1559 712 1591 esse
729 1545 762 1582 ei
781 1554 881 1589 nota,
903 1545 962 1581 cui
981 1558 1057 1581 non
1077 1545 1152 1580 sint
1170 1552 1235 1580 aut

57 1599 232 1648 pleraque
248 1606 312 1636 aut
332 1600 468 1636 omnia.
527 1600 623 1635 Nam
642 1612 710 1635 nec
730 1612 848 1647 pauca
866 1599 937 1634 nisi
963 1611 982 1633 e
1001 1598 1129 1634 multis
1147 1598 1234 1646 eligi

57 1659 227 1700 possunt,
255 1665 334 1696 nec,
369 1653 433 1701 qui
467 1665 583 1701 pauca
615 1653 830 1701 perceperit,
861 1664 936 1687 non
964 1651 1063 1687 idem
1092 1651 1235 1699 reliqua

59 1706 187 1742 eodem
208 1706 330 1742 studio
350 1712 604 1754 persequetur.
666 1706 739 1742 Sed
759 1713 884 1741 tamen
903 1705 941 1740 in
963 1705 1036 1740 vita
1055 1713 1235 1752 occupata
1253 1711 1270 1739 2

59 1764 183 1807 atque,
204 1765 246 1794 ut
265 1759 503 1807 Neoptolemi
523 1767 603 1795 tum
623 1764 712 1802 erat,
733 1758 883 1794 militari
903 1770 1019 1806 pauca
1037 1757 1118 1805 ipsa
1135 1757 1234 1793 mul-

59 1818 139 1848 tum
160 1825 260 1860 saepe
278 1819 434 1860 prosunt
448 1819 485 1848 et
502 1812 625 1848 ferunt
639 1811 794 1854 fructus,
812 1811 844 1846 si
858 1823 932 1846 non
953 1816 1088 1854 tantos,
1104 1811 1236 1858 quanti

60 1877 109 1901 ex
145 1865 319 1902 universa
356 1865 591 1914 philosophia
626 1865 766 1913 percipi
796 1870 964 1912 possunt,
999 1871 1123 1899 tamen
1159 1876 1234 1907 eos,

60 1918 197 1966 quibus
233 1919 356 1966 aliqua
388 1931 437 1954 ex
474 1924 574 1966 parte
611 1918 795 1953 interdum
833 1923 899 1953 aut
935 1917 1136 1965 cupiditate
1173 1924 1238 1952 aut

61 1971 280 2020 aegritudine
298 1978 364 2007 aut
385 1978 487 2007 metu
512 1971 722 2007 liberemur.
780 1970 894 2007 Velut
922 1982 969 2006 ex
999 1983 1042 2006 ea
1069 1970 1236 2017 disputa-

62 2024 175 2068 tione,
196 2037 283 2073 quae
303 2024 393 2060 mihi
418 2036 537 2071 nuper
558 2023 686 2060 habita
710 2030 766 2060 est
795 2023 834 2059 in
854 2023 1082 2066 Tusculano,
1103 2035 1238 2071 magna

63 2077 256 2114 videbatur
273 2077 401 2113 mortis
421 2077 550 2113 effecta
577 2077 816 2125 contemptio,
835 2089 922 2125 quae
948 2089 1021 2112 non
1042 2075 1238 2112 minimum

62 2131 162 2166 valet
180 2131 226 2167 ad
246 2132 410 2167 animum
430 2137 533 2165 metu
552 2130 797 2166 liberandum.
855 2131 952 2166 Nam
976 2129 1040 2176 qui
1062 2129 1111 2171 id,
1139 2129 1237 2176 quod

63 2183 171 2220 vitari
199 2196 271 2220 non
301 2191 435 2232 potest,
464 2183 608 2228 metuit,
632 2183 663 2219 is
686 2184 810 2220 vivere
836 2183 958 2218 animo
979 2182 1105 2229 quieto
1133 2181 1239 2218 nullo

63 2237 174 2273 modo
208 2243 331 2285 potest
350 2251 359 2281 3
405 2236 468 2272 sed
507 2236 585 2284 qui,
620 2248 696 2272 non
730 2237 841 2272 modo
878 2236 965 2283 quia
1000 2247 1149 2271 necesse
1185 2241 1241 2270 est

65 2290 169 2334 mori,
188 2303 316 2326 verum
338 2290 448 2326 etiam
469 2290 556 2337 quia
574 2289 667 2325 nihil
692 2290 806 2325 habet
823 2301 933 2331 mom,
954 2289 1054 2336 quod
1081 2288 1128 2323 sit
1154 2287 1239 2323 hor-

66 2343 234 2388 rendum,
253 2350 409 2379 mortem
430 2355 504 2379 non
525 2342 641 2386 timet,
661 2354 837 2390 magnum
866 2341 898 2377 is
927 2341 996 2377 sibi
1023 2341 1240 2388 praesidium

67 2395 111 2431 ad
144 2395 290 2433 beatam
323 2396 438 2433 vitam
475 2402 674 2444 comparat.
738 2395 976 2443 Quamquam
1005 2407 1081 2430 non
1112 2405 1241 2430 sumus
1259 2402 1276 2430 3

622 2460 644 2484 E
667 2450 688 2484 3
