1471 2585
202 123 251 160 20
522 136 724 161 'ruscumn
755 135 1051 160 msPU‘rA‘ronS.
1191 119 1380 171 [59—61.

202 230 275 267 tale
309 231 367 275 sit,
400 230 510 280 quale
544 229 643 266 ἰδέαν
674 231 838 278 appellat
869 230 944 274 ille,
980 242 1047 266 nos
1078 227 1277 278 specicm):
1307 241 1382 266 non

202 285 325 333 potuit
344 285 490 320 animus
509 284 589 320 haec
605 285 641 319 in
659 296 808 332 corpore
824 283 990 319 inclusus
1011 295 1219 332 agnoscere,
1237 283 1384 331 cognita

202 338 350 382 attulit3
383 351 430 374 ex
451 350 525 386 quo
545 345 619 373 tam
641 337 843 373 multarum
862 350 983 373 rerum
1013 337 1233 385 cognitionis
1263 336 1382 372 admi-

202 392 294 427 ratio
315 391 470 427 tollitur.
529 391 663 439 Neque
682 403 725 426 ea
743 391 852 439 plane
875 390 973 426 videt
1001 390 1158 433 animus,
1179 402 1294 437 quum
1324 402 1382 426 re-

201 452 313 492 pente
333 444 371 480 in
392 451 465 480 tam
486 445 679 480 insolitum
700 450 850 492 tamque
870 444 1122 492 perturbatum
1153 443 1381 479 domicilium

201 498 440 546 immigravst,
461 498 524 533 sed
553 510 670 546 quum
701 510 738 534 se
772 497 922 545 collegit
951 503 1063 545 atque
1092 497 1280 539 recreavit,
1301 503 1382 532 tum

202 552 371 599 agnoscit
388 551 452 587 illa
470 551 751 588 reminiscendo.
810 551 870 587 Ita
897 550 988 586 nihil
1017 557 1073 586 est
1100 550 1200 586 aliud
1230 550 1380 594 discere,

202 605 274 640 nisi
292 605 484 641 recordari.

146 667 186 697 59
257 658 339 706 Ego
370 666 493 694 autem
527 658 664 707 majore
698 659 808 695 etiam
837 657 997 706 quodam
1028 657 1138 693 modo
1167 656 1380 693 memoriam

203 712 375 748 admiror.
435 712 536 751 Quid
565 719 622 747 est
648 712 746 748 enirn
774 712 880 755 illud,
915 723 990 759 quo
1022 710 1288 746 meminimus?
1317 720 1383 746 aut

203 777 315 813 quam
344 765 455 801 habet
491 765 596 800 vim?
627 773 692 802 aut
723 766 822 801 unde
858 764 1057 800 naturam?
1115 764 1199 800 Non
1239 776 1379 812 quaero,

203 826 342 867 quanta
361 819 536 854 memoria
557 819 766 855 Simonides
786 818 898 854 fuisse
926 817 1078 862 dicatur,
1098 824 1239 865 quanta
1257 817 1380 853 Theo-

202 872 338 915 dectes,
358 880 496 920 quanta
515 872 558 915 is,
581 873 645 920 qui
665 886 685 908 a
705 871 849 920 Pyrrho
879 871 1024 919 legatus
1053 871 1098 906 ad
1128 877 1298 906 senatum
1327 877 1382 906 est

203 926 352 969 missus,
382 926 528 969 Cineas,
560 932 700 973 quanta
732 937 849 974 nuper
882 924 1120 967 Charmadas,
1146 931 1296 972 quanta,
1317 919 1397 971 qui>

202 979 313 1014 modo
332 979 415 1022 fuit,
438 979 611 1027 Scepsius
633 979 880 1020 Metrodorus,
901 984 1041 1025 quanta
1068 984 1193 1013 noster
1215 978 1380 1014 Horten-

203 1032 304 1076 sius;
337 1033 382 1068 de
413 1033 600 1068 communi
626 1032 818 1069 hominum
845 1031 1022 1067 memoria
1041 1031 1182 1079 loquor,
1201 1037 1238 1066 et
1256 1043 1382 1066 eorum

202 1086 378 1128 maxime,
399 1086 465 1134 qui
487 1086 521 1121 in
541 1086 665 1133 aliquo
685 1086 821 1134 majore
841 1084 962 1120 studio
992 1091 1029 1120 et
1057 1091 1132 1119 arte
1161 1091 1381 1120 versantur:

203 1151 361 1187 quorum
394 1147 533 1187 quanta
566 1152 670 1175 mens
702 1139 760 1183 sit,
793 1137 941 1174 difficile
973 1144 1029 1174 est
1059 1137 1295 1182 existiinare3
1330 1137 1384 1174 ita

201 1192 321 1227 multa
340 1193 601 1229 meminerunt.

145 1256 185 1285 60
257 1245 384 1282 XXV.
407 1246 577 1284 Quorsus
590 1246 704 1294 igitur
719 1245 799 1281 haec
815 1250 957 1293 spectat
968 1244 1083 1280 oratio
1099 1244 1112 1280 ?
1143 1245 1244 1283 Quae
1261 1243 1383 1280 sitilla

202 1298 260 1334 vis
281 1308 317 1334 et
336 1300 436 1335 unde
456 1299 514 1342 sit,
536 1299 818 1348 intelligendum
838 1305 942 1346 puto,
1000 1297 1084 1333 Non
1114 1305 1170 1333 est
1199 1306 1295 1333 certe
1313 1310 1383 1334 nec

203 1352 322 1387 cordis
343 1365 410 1388 nec
430 1353 567 1388 cerebri
587 1365 654 1388 nec
681 1352 869 1400 sanguinis
898 1363 964 1386 nec
993 1357 1200 1386 atomorum
1220 1365 1228 1394 3
1260 1350 1383 1386 anima

203 1405 250 1440 sit
268 1406 423 1452 ignisve,
445 1405 590 1449 nescio;
613 1418 680 1441 nec
699 1418 758 1441 me
778 1405 904 1453 pudet,
926 1411 968 1440 ut
987 1404 1088 1447 istos,
1105 1404 1208 1440 fateri
1228 1404 1394 1448 nescire?

202 1459 303 1506 quod
323 1459 484 1494 nesciam
504 1473 512 1502 ;
544 1458 650 1503 illud,
672 1459 702 1494 si
720 1458 797 1494 ulla
815 1458 886 1494 alia
905 1457 949 1493 de
970 1470 1006 1493 re
1027 1458 1183 1493 obscura
1203 1457 1382 1493 affirmare

201 1524 361 1560 possem,
385 1513 462 1547 sive
482 1513 605 1548 anima
631 1513 707 1547 sive
732 1511 829 1560 ignis
862 1511 909 1546 sit
938 1511 1097 1554 animus,
1118 1523 1201 1547 eum
1218 1510 1382 1559 jurarem

202 1577 282 1600 esse
301 1566 482 1601 divinum.
540 1566 642 1604 Quid
662 1565 790 1601 enim?
821 1564 971 1600 obsecro
991 1571 1038 1606 te,
1057 1572 1197 1600 terrane
1217 1564 1296 1607 tibi,
1313 1564 1382 1600 hoc

201 1619 384 1654 nebuloso
404 1625 441 1654 et
461 1619 661 1667 caliginoso
679 1619 784 1662 caelo,
805 1625 870 1654 aut
896 1624 975 1653 sata
998 1624 1062 1653 aut
1087 1624 1255 1653 concreta
1279 1617 1382 1653 vide-

202 1678 263 1708 tur
281 1679 385 1708 tanta
404 1672 459 1708 vis
477 1672 665 1708 memoriae
683 1672 696 1708 ἶ)
754 1672 804 1714 Si,
827 1671 916 1718 quid
936 1671 982 1706 sit
1001 1671 1082 1715 hoc,
1103 1683 1176 1706 non
1198 1671 1313 1714 vides,
1331 1677 1380 1715 at,

202 1725 312 1773 quale
332 1726 391 1769 sit,
413 1726 539 1770 vides;
572 1726 603 1761 si
622 1738 667 1762 ne
693 1725 731 1761 id
759 1724 921 1772 quidem,
943 1731 992 1767 at,
1012 1730 1193 1772 quantum
1215 1724 1273 1767 sit,
1295 1736 1381 1771 pro·

146 1788 183 1818 61
202 1779 297 1814 fecto
318 1779 433 1815 vides.
491 1780 594 1818 Quid
627 1778 764 1827 igitur?
795 1785 920 1814 utrum
950 1777 1188 1825 capacitatem
1218 1777 1381 1826 aliquam

202 1831 241 1867 in
261 1832 384 1867 animo
398 1840 572 1880 putamus
588 1845 680 1874 esse,
698 1844 784 1879 qu0,
800 1838 989 1878 tamquam
1010 1831 1045 1866 in
1066 1831 1214 1878 aliquod
1236 1843 1312 1873 vas,
1326 1843 1380 1874 ea,

202 1897 290 1933 quae
309 1886 558 1929 meminimus,
580 1886 824 1921 infundantur
836 1885 849 1920 ’ἰ
906 1884 1120 1920 Absurdum
1150 1884 1186 1919 id
1215 1884 1379 1931 quidem.

203 1938 281 1977 Qui
301 1939 398 1974 enim
419 1938 557 1974 fundus
577 1947 641 1974 aut
659 1952 744 1986 quae
763 1938 847 1974 talis
867 1938 977 1974 animi
998 1938 1116 1986 figura
1134 1937 1291 1986 intelligi
1314 1949 1381 1985 po-

203 1991 305 2028 test?
335 1998 400 2027 aut
427 2004 512 2039 quae
545 1998 648 2027 tanta
676 1991 828 2027 omnino
859 1991 1071 2040 capacitas?
1127 1991 1187 2026 An
1206 1990 1380 2038 imprimi,

204 2045 310 2092 quasi
331 2058 461 2089 ceram,
475 2045 640 2081 animum
662 2051 851 2093 putamus,
869 2052 905 2080 et
925 2057 1004 2080 esse
1023 2043 1236 2080 memoriam
1257 2043 1381 2091 signa-

203 2105 321 2134 tarum
343 2111 463 2134 rerum
491 2099 528 2133 in
558 2105 681 2133 mente
707 2098 892 2146 vestigia?
950 2098 1046 2136 Quae
1076 2104 1231 2145 possunt
1250 2097 1381 2132 verbo-

203 2163 297 2194 rum,
336 2165 421 2199 quae
459 2164 579 2188 rerum
618 2152 781 2199 ipsarum
819 2163 897 2186 esse
936 2150 1117 2199 vestigia?
1152 2162 1237 2198 quae
1274 2162 1382 2198 porro

203 2211 278 2240 tam
311 2204 492 2241 immensa
521 2205 752 2253 magnitudO,
787 2216 874 2251 quae
910 2204 974 2240 illa
1009 2211 1083 2240 tam
1116 2203 1236 2239 multa
1265 2203 1382 2251 possit

203 2257 374 2305 effingere
387 2257 401 2293 ἲ

257 2310 389 2349 Quid?
418 2311 484 2347 illa
514 2313 568 2347 vis
597 2324 682 2359 quae
713 2312 861 2347 tandem
892 2318 959 2353 est,
980 2322 1064 2358 quae
1094 2310 1294 2358 investigat
1319 2322 1380 2345 oc-

203 2363 313 2407 culta,
335 2376 422 2412 quae
441 2364 606 2400 inventio
625 2371 736 2412 atque
756 2365 981 2413 excogitatio
1007 2363 1168 2399 dicitur?
1198 2375 1245 2398 ex
1266 2363 1382 2399 hacne

203 2417 270 2454 tibi
289 2424 432 2454 terrena
450 2418 671 2466 mortalique
690 2426 822 2454 natura
840 2426 877 2454 et
905 2418 1043 2454 caduca
1070 2423 1239 2453 concreta
1263 2428 1306 2452 ea
1325 2416 1382 2452 vi-
