1471 2585
205 80 256 116 96
524 89 730 115 TuscuLAN
759 89 1060 115 msruu’nons.
1196 73 1388 126 [14—16.

205 184 391 221 definiunt
409 198 416 221 :
448 184 526 222 sine
545 185 686 221 ratione
704 182 817 221 animi
842 184 1053 221 elationem.
1111 183 1389 232 Quoniamque,

205 245 249 275 ut
266 238 365 274 bona
383 244 515 274 natura
533 238 755 287 appetimus,
769 238 820 273 sic
840 250 861 273 a
879 237 987 274 malis
1002 244 1135 274 natura
1146 237 1388 280 declinamus,

206 304 293 340 quae
323 291 532 335 declinatio,
566 292 597 327 si
626 303 711 327 cum
743 291 884 327 ratione
917 291 994 335 fiet,
1025 292 1143 327 cautio
1169 289 1389 339 appelletur,

207 357 325 392 eaque
345 345 576 393 intelligatur
592 344 630 380 in
649 344 727 380 solo
747 356 826 380 esse
846 344 1035 392 sapiente;
1067 356 1153 392 quae
1175 351 1297 380 autem
1312 342 1390 378 sine

205 398 348 434 ratione
368 405 405 433 et
424 410 508 434 cum
528 398 803 433 exanimatione
830 397 964 433 humili
992 404 1104 446 atque
1123 398 1248 441 fracta,
1269 395 1391 432 nomi-

207 457 317 487 netur
335 457 471 494 metus;
503 457 560 487 est
587 451 700 499 igitur
727 457 849 487 metus
879 463 900 486 a
927 450 1068 486 ratione
1094 462 1223 486 aversa
1252 449 1388 486 cautio.

151 512 190 541 14
209 504 413 540 Praesentis
432 513 556 540 autem
576 504 664 540 mali
685 504 860 552 sapientis
879 503 1025 540 affectio
1045 503 1149 539 nulla
1168 510 1246 548 est3
1277 502 1392 538 stulta

206 564 330 594 autem
353 558 533 606 aeyritudo
553 566 609 593 est
627 570 681 601 ea,
702 569 776 605 qua
795 556 1008 592 afficiuntur
1035 556 1073 592 in
1104 557 1212 592 malis
1231 555 1391 604 opinatis

207 611 425 658 animosque
444 611 648 647 demittunt
666 617 703 646 et
722 611 945 646 contrahunt
956 609 1089 646 rationi
1106 622 1179 646 non
1199 610 1392 658 obtempe-

207 670 343 700 rantes.
403 664 537 712 Itaque
555 664 637 700 haec
657 664 774 711 prima
796 663 964 699 definitio
984 670 1051 707 est,
1071 670 1114 699 ut
1141 663 1325 711 aegritudo
1345 662 1393 698 sit

207 717 322 753 animi
341 717 558 753 adversante
577 717 718 753 ratione
739 717 954 753 contractio.
1011 716 1073 752 Sic
1101 723 1279 764 quattuor
1300 727 1392 764 per·-

208 770 429 807 turbationes
459 778 557 814 sunt,
588 777 661 807 tres
699 771 926 815 constantiae,
965 769 1143 818 quoniam
1178 768 1393 818 aegritudini

207 823 312 860 nulla
330 824 539 860 constantia
557 823 770 872 opponitur.

263 877 338 913 Sed
370 890 497 913 omnes
535 877 832 925 perturbationes
868 876 1010 925 judicio
1047 881 1199 912 censent
1240 875 1320 912 fieri
1355 880 1394 911 et

208 930 395 978 opinione.
455 931 587 978 Itaque
606 943 667 966 eas
688 930 871 966 definiunt
891 930 1065 978 pressius,
1086 936 1130 966 ut
1148 928 1391 976 intelligatur,

208 995 283 1019 non
303 984 414 1019 modo
434 996 546 1032 quam
568 983 727 1027 vitiosae,
749 984 813 1019 sed
843 983 952 1019 etiam
973 995 1083 1031 quarn
1110 983 1148 1018 in
1174 990 1301 1018 nostra
1319 981 1394 1017 sint

208 1043 406 1085 potestate.
464 1038 535 1073 Est
560 1050 646 1085 ergo
676 1037 858 1086 aeyritudo
884 1036 1008 1084 opinio
1028 1049 1154 1072 recens
1182 1035 1271 1071 mali
1295 1047 1393 1083 prae-

210 1090 337 1134 sentis,
371 1090 408 1126 in
438 1103 513 1138 quo
542 1090 687 1126 demitti
715 1090 958 1137 contrahique
987 1089 1112 1125 animo
1141 1095 1283 1124 rectum
1313 1100 1393 1124 esse

209 1143 398 1187 videatur3
430 1144 563 1180 laetitia
588 1143 712 1191 opinio
742 1156 871 1179 recens
900 1143 989 1178 boni
1017 1142 1225 1190 praesentis,
1253 1142 1292 1177 in
1319 1153 1394 1190 quo

209 1196 326 1232 efferri
354 1204 496 1232 rectum
523 1209 602 1232 esse
622 1197 816 1241 videatur;
849 1202 960 1232 metus
988 1196 1113 1244 opinio
1143 1194 1394 1243 impendentis

208 1250 308 1293 mali,
347 1251 448 1298 quod
484 1250 716 1286 intolerabile
760 1262 839 1285 esse
884 1249 1076 1294 videatur-3
1119 1249 1231 1285 libido
1268 1247 1394 1296 opinio

207 1303 357 1339 venturi
377 1304 477 1347 boni,
497 1304 598 1351 quod
621 1303 668 1338 sit
696 1315 744 1338 ex
773 1315 844 1339 usu
868 1302 948 1351 jam
976 1314 1143 1350 praesens
1173 1314 1252 1338 esse
1281 1308 1394 1350 atque

208 1356 350 1392 adesse.

152 1418 189 1449 15
263 1409 337 1445 Sed
369 1421 456 1457 quae
483 1408 626 1456 judicia
652 1421 820 1457 quasque
849 1408 1042 1457 opiniones
1073 1408 1395 1456 perturbationum

208 1475 288 1498 esse
306 1462 399 1506 dixi,
420 1475 495 1498 non
525 1463 562 1498 in
590 1463 641 1498 eis
670 1462 967 1510 perturbationes
994 1462 1114 1498 solum
1147 1461 1286 1510 positas
1315 1473 1395 1497 esse

208 1516 351 1560 dicunt,
374 1528 500 1552 verum
520 1516 585 1551 illa
609 1515 732 1559 etiam,
754 1528 840 1563 quae
866 1515 1076 1551 efficiuntur
1104 1514 1394 1563 perturbationi-

207 1569 291 1612 bus,
313 1576 355 1605 ut
374 1569 557 1618 aegritudo
577 1569 683 1617 quasi
711 1581 875 1604 morsum
904 1569 1066 1617 aliquem
1094 1568 1229 1604 doloris
1249 1567 1394 1610 efficiat,

208 1629 330 1658 metus
359 1634 544 1658 recessum
564 1622 750 1670 quendam
780 1622 894 1658 animi
923 1628 959 1657 et
983 1622 1121 1670 sugam,
1149 1621 1281 1657 laetitia
1309 1633 1395 1669 pro-

207 1675 327 1711 fusam
348 1675 583 1719 hilaritatem,
603 1675 718 1711 libido
744 1675 956 1711 effrenatam
977 1675 1240 1723 appetentiam.
1302 1674 1394 1723 Opi-

209 1730 385 1764 nationem
410 1735 547 1771 autem,
575 1741 688 1777 quam
713 1729 750 1764 in
772 1741 900 1765 omnes
926 1728 1162 1764 definitiones
1189 1727 1395 1775 superiores

208 1781 443 1824 inclusimus,
465 1782 598 1818 volunt
617 1794 697 1817 esse
716 1781 940 1817 imbecillam
961 1782 1225 1817 assensionem.

153 1840 190 1870 16
263 1835 337 1870 Sed
358 1835 513 1883 singulis
538 1835 877 1883 perturbationibus
905 1841 1024 1883 partes
1054 1835 1222 1883 ejusdem
1252 1833 1396 1882 genen's

209 1887 335 1936 plures
364 1888 624 1936 subjiciuntur,
652 1895 694 1925 ut
717 1888 932 1937 aeqritudini
959 1888 1164 1924 invidentia
1195 1887 1395 1932 (utendum

209 1947 266 1977 est
299 1941 397 1976 enim
425 1942 581 1977 docendi
609 1954 741 1978 caussa
760 1942 874 1977 verbo
899 1941 1025 1977 minus
1045 1942 1194 1984 usitato,
1216 1939 1394 1988 quoniam

208 1994 350 2030 invidia
368 2007 441 2030 non
464 1994 500 2029 in
523 2007 577 2037 eo,
595 1995 659 2042 qui
685 1995 838 2038 invidet,
868 1995 988 2030 solum
1017 1995 1161 2037 dicitur,
1192 1994 1255 2029 sed
1284 1992 1395 2028 etiam

208 2047 248 2082 in
286 2060 342 2091 eo,
381 2048 440 2084 cui
481 2047 699 2095 invidetur),
737 2048 942 2091 aemulatio,
981 2046 1211 2090 obtrectatio,
1252 2046 1395 2081 miseri-

210 2100 345 2144 cordia,
366 2113 493 2149 angor,
514 2101 649 2144 luctus,
671 2114 815 2144 maeror,
836 2113 1014 2145 aerumna,
1032 2100 1147 2143 dolor,
1165 2098 1394 2142 lamentatio,

209 2153 434 2198 sollicitudo,
471 2154 653 2197 molestia,
691 2154 897 2198 afflictatio,
934 2153 1139 2202 desperatio
1172 2159 1209 2188 et
1245 2151 1275 2187 si
1308 2164 1395 2199 quae

211 2213 298 2242 sunt
331 2207 376 2243 de
412 2220 545 2255 genere
583 2208 725 2243 eodem.
797 2208 877 2244 Sub
914 2214 1039 2244 metum
1071 2213 1194 2242 autem
1229 2204 1396 2253 subjecta

210 2266 298 2294 sunt
327 2261 486 2308 pigritia,
518 2260 649 2309 pudor,
683 2267 809 2304 terror,
841 2261 962 2305 timor,
996 2272 1123 2308 pavor,
1154 2258 1394 2301 exanimatio,

210 2313 455 2358 conturbatio,
505 2314 686 2358 formido3
736 2313 915 2362 voluptati
959 2311 1220 2349 malevolentia
1261 2311 1397 2347 loetans

210 2365 309 2402 malo
336 2366 469 2412 alieno,
496 2367 705 2412 delectatio,
728 2366 881 2414 jactatio
906 2373 944 2404 et
971 2366 1129 2410 similia3
1161 2364 1310 2402 libidini
1329 2365 1394 2409 ira,
