1471 2585
50 65 241 119 11—13.]
423 79 527 105 BOOK
557 78 610 105 1v.
632 79 749 105 anP.
771 70 889 105 4——6.
1187 70 1236 106 95

51 176 171 214 tiones
191 174 368 225 appellari
387 175 504 223 magis
524 175 645 224 placet
665 187 775 224 quam
796 175 956 220 morbos,
976 173 1015 211 in
1035 173 1092 210 his
1112 175 1236 223 expli-

52 231 179 267 candis
200 240 358 266 veterem
379 229 481 264 illam
507 229 678 276 equidem
700 228 925 277 Pythagorae
954 230 1128 277 primum,
1149 229 1235 264 dein

53 283 221 320 Platonis
257 283 541 330 descriptionem
580 294 726 330 sequar,
764 281 829 329 qui
865 283 1029 318 animum
1067 282 1105 318 in
1143 282 1238 318 duas

52 345 175 386 partes
212 335 410 372 dividunt:
451 337 602 371 alteram
640 335 792 371 rationis
829 336 1044 384 participem
1082 335 1236 379 faciunt,

50 391 204 429 alteram
224 397 415 437 expertem
437 403 446 433 3
475 389 512 424 in
536 389 710 437 participe
729 389 880 425 rationis
897 396 1040 437 ponunt
1056 389 1238 437 tranquil-

53 444 208 487 litatem,
229 443 266 478 id
285 450 341 478 est
360 442 541 490 placidam
563 444 803 490 quietamque
823 442 1093 486 constantiam3
1115 442 1153 478 in
1174 442 1238 478 illa

52 497 167 533 altera
185 505 310 532 motus
330 496 498 531 turbidos
527 504 607 532 tum
636 496 712 534 irae.
735 504 815 531 tum
844 496 1070 544 cupiditati3‚
1091 502 1237 532 contra-

51 550 124 586 rios
151 550 396 597 inimicosque
425 550 572 585 rationi.
630 549 689 585 Sit
717 549 830 597 igitur
857 550 916 593 hic
951 550 1056 591 fons;
1088 556 1239 586 utamur
1258 556 1294 585 11

52 610 178 639 tamen
210 603 248 639 in
278 603 336 638 his
369 603 708 651 perturbationibus
741 603 992 638 describendis
1027 603 1238 639 Stoicorum

53 656 332 693 definitionibus
353 663 390 692 et
407 657 680 704 partitionibus,
701 656 764 704 qui
793 656 885 691 mihi
905 656 1077 692 videntur
1103 656 1142 691 in
1170 656 1240 692 hac

53 710 261 759 quaestione
283 710 417 746 versari
436 710 663 746 acutissime.

106 763 179 801 VI.
210 763 281 799 Est
308 763 423 812 igitur
450 763 612 799 Zenonis
640 763 721 799 haec
750 762 929 805 definitio,
950 769 994 798 ut
1012 762 1240 811 perturbatio

54 817 112 861 sit,
133 817 236 866 quod
255 815 374 857 πάθος
401 817 464 852 ille
484 817 586 860 dicit,
607 829 735 852 aversa
762 829 784 852 a
812 823 911 852 recta
938 816 1093 859 ratione,
1113 824 1241 852 contra

51 876 236 914 naturam,
257 871 368 906 animi
399 871 613 907 commotio,
672 870 836 909 Quidam
865 870 1026 912 brevius,
1046 870 1239 918 perturba-

53 923 194 960 tionem
213 937 294 960 esse
313 924 519 972 appetitum
542 923 877 967 vehementiorem3
909 924 972 958 sed
986 923 1240 959 vehementio-

53 989 130 1013 rem
150 990 238 1014 eum
265 978 399 1013 volunt
427 990 518 1020 esse,
539 977 605 1025 qui
632 978 782 1026 longius
811 977 1020 1012 discesserit
1048 989 1069 1012 a
1094 983 1240 1013 naturae

55 1030 275 1066 constantia.
338 1031 467 1066 Partes
504 1040 628 1066 autem
664 1031 984 1079 perturbationum
1022 1030 1156 1066 volunt
1190 1042 1240 1066 ex

56 1084 202 1120 duobus
222 1083 381 1131 opinatis
400 1083 508 1119 bonis
527 1084 629 1120 nasci
649 1091 686 1119 et
705 1097 752 1119 ex
766 1084 915 1119 duobus
932 1083 1092 1132 opinatis
1105 1083 1237 1128 malis3

54 1137 108 1173 ita
136 1149 216 1173 esse
249 1144 448 1184 quattuor:
479 1149 526 1171 ex
556 1137 663 1172 bonis
696 1137 880 1173 libidinem
917 1145 955 1172 et
984 1136 1166 1180 laetitiam,
1197 1143 1242 1172 ut

56 1190 105 1226 sit
132 1190 266 1226 laetitia
294 1190 535 1238 praesentium
567 1190 762 1233 bonorum,
783 1190 899 1225 libido
927 1191 1160 1234 futurorum3
1191 1201 1241 1225 ex

54 1243 163 1280 malis
182 1249 309 1279 metum
323 1251 358 1279 et
375 1244 631 1292 aeqrz'tudinem
646 1244 745 1278 nasci
763 1250 925 1286 censent,
939 1251 1079 1279 metum
1094 1243 1241 1286 futuris,

55 1297 317 1346 aegritudinem
338 1297 598 1344 praesentibus.
656 1297 754 1335 Quae
774 1297 871 1332 enim
905 1296 1092 1332 venientia
1119 1304 1242 1333 metu-

56 1360 181 1393 untur,
201 1351 329 1386 eadem
348 1350 755 1398 afficiuntaegritudine
774 1350 963 1386 instantia.

112 1403 262 1439 Laetitia
274 1411 397 1439 autern
415 1410 451 1439 et
463 1403 578 1439 libido
595 1403 630 1438 in
648 1404 827 1439 bonorum
846 1403 1018 1451 opinione
1036 1409 1240 1447 versantur,
1262 1411 1301 1441 12

58 1469 176 1505 quum
195 1457 309 1493 libido
329 1458 375 1492 ad
394 1457 443 1500 id,
461 1458 560 1504 quod
576 1457 724 1492 videtur
739 1457 892 1500 bonum,
908 1457 1030 1493 illecta
1045 1464 1082 1492 et
1093 1456 1242 1492 inflam-

58 1517 159 1546 mata
176 1511 352 1559 rapiatur,
374 1510 516 1554 laetitia,
530 1518 574 1546 ut
593 1510 814 1558 adeptajam
830 1510 967 1558 aliquid
983 1510 1241 1557 concupitum,

59 1563 232 1600 efferatur
251 1571 288 1599 et
305 1564 450 1612 gestiat.
508 1564 653 1599 Natura
671 1564 769 1599 enim
799 1576 927 1599 omnes
956 1576 1010 1607 ea,
1030 1576 1117 1611 quae
1146 1564 1244 1599 bona

59 1617 244 1661 videntur,
283 1625 491 1664 sequuntur
525 1618 748 1665 fugiuntque
785 1616 978 1653 contraria.
1034 1617 1158 1655 Quam
1195 1617 1242 1652 ob

57 1682 135 1706 rem
165 1670 277 1706 simul
306 1671 451 1719 objecta
471 1670 610 1718 species
639 1678 696 1706 est
720 1670 940 1718 cujuspiam,
972 1670 1072 1717 quod
1103 1671 1243 1705 bonum

58 1723 239 1767 videatur,
259 1724 304 1759 ad
324 1724 362 1759 id
391 1724 672 1771 adipiscendum
701 1723 861 1770 impellit
887 1723 968 1770 ipsa
995 1730 1140 1758 natura.
1197 1722 1243 1759 Id

60 1789 176 1824 quum
193 1784 403 1813 constanter
414 1778 691 1825 prudenterque
704 1776 757 1817 fit,
772 1776 955 1824 ejusmodi
976 1776 1243 1824 appetitionem

61 1830 177 1866 Stoici
203 1827 387 1874 βούλησιν
421 1830 621 1878 appellant,
654 1841 721 1864 nos
751 1829 981 1877 appellamus
1013 1829 1241 1866 voluntatem.

60 1883 158 1918 Eam
177 1883 231 1918 illi
255 1890 389 1930 putant
418 1883 454 1918 in
482 1883 560 1918 solo
590 1894 669 1918 esse
700 1883 891 1930 sapiente;
923 1895 1034 1931 quam
1069 1883 1120 1918 sic
1150 1883 1243 1918 defi-

61 1936 193 1973 niunt:
225 1936 396 1971 voluntas
426 1943 492 1979 est,
524 1948 610 1983 quae
641 1935 731 1983 quid
763 1949 846 1971 cum
876 1937 1016 1972 ratione
1046 1936 1242 1972 desiderat.

62 1989 162 2027 Quae
188 1997 324 2032 autem,
352 1989 492 2024 ratione
521 1989 685 2033 adversa,
706 1989 857 2024 incitata
887 1997 944 2025 est
974 1989 1245 2032 vehementius,

62 2055 105 2078 ea
134 2041 247 2079 libido
281 2049 337 2078 est
369 2042 429 2077 vel
461 2042 642 2090 cupiditas
672 2042 858 2086 effrenata,
885 2055 971 2090 quae
1001 2043 1040 2077 in
1070 2042 1244 2078 omnibus

62 2096 186 2132 stultis
204 2096 406 2131 invenitur.

117 2149 288 2197 Itemque
308 2161 424 2196 quum
444 2149 496 2184 ita
514 2160 718 2192 movemur,
730 2156 773 2185 ut
794 2149 828 2185 in
851 2149 949 2185 bono
969 2149 1085 2184 simus
1105 2147 1242 2196 aliquo,
1264 2157 1301 2187 13

62 2202 260 2250 dupliciter
296 2202 333 2238 id
372 2202 565 2249 contingit.
632 2202 728 2238 Nam
766 2215 883 2250 quum
921 2202 1060 2237 ratione
1097 2201 1244 2237 animus

61 2261 235 2292 movetur
268 2255 410 2303 placide
442 2262 553 2302 atque
586 2263 809 2299 constanter,
841 2263 921 2290 tum
947 2255 1041 2290 illud
1071 2255 1245 2304 yaudium

63 2308 195 2344 dicitur
212 2323 220 2352 3
252 2321 366 2356 quum
388 2317 511 2344 autem
531 2308 690 2344 inaniter
709 2317 745 2345 et
764 2309 879 2344 effuse
900 2309 1047 2344 animus
1066 2308 1244 2351 exsultat,

65 2367 143 2396 tum
162 2361 226 2398 illa
245 2361 378 2398 laetitz'a
394 2363 551 2411 yestiens
575 2361 633 2398 vel
660 2363 771 2398 nimia
799 2361 872 2398 dici
900 2367 1034 2410 potest,
1054 2373 1166 2410 quam
1193 2361 1247 2397 ita
