1471 2585
141 613 181 642 46

202 73 251 108 56
520 83 724 108 TUSCULAN
756 83 1056 108 Disru‘rA‘rions.
1219 68 1303 122 [46,
1324 74 1388 114 47.

201 177 299 214 idem
321 178 536 215 forticulum
571 192 609 215 se
639 178 676 214 in
710 178 932 215 torminibus
963 185 1001 214 et
1026 179 1064 215 in
1093 180 1304 228 stranguria
1322 193 1390 217 sua

201 232 381 280 praebeat.

256 285 424 322 Aliunde
457 286 571 334 igitur
602 291 660 321 est
691 286 894 333 quaerenda
928 286 1123 330 medicina,
1157 293 1193 322 et
1223 287 1389 323 maxime

202 338 354 386 quidem
376 340 437 386 (si,
459 340 550 387 quid
571 339 734 374 maxime
761 346 1052 375 consentaneum
1082 340 1141 381 sit,
1162 339 1388 388 quaerimus)

201 393 248 428 ab
268 392 326 435 iis,
344 393 494 440 quibus,
511 393 611 440 quod
627 393 823 428 honestum
840 392 898 436 sit,
914 405 1103 429 summum
1119 394 1271 437 bonum,
1285 395 1388 441 quod

201 451 321 493 turpe,
357 458 547 482 summum
579 446 725 482 videtur
754 446 907 482 malum.
970 446 1039 482 His
1066 454 1105 482 tu
1136 448 1387 494 praesentibus

199 511 346 546 gemere
373 506 410 535 et
438 499 578 548 jactare
607 507 642 535 te
672 512 745 535 non
776 500 929 535 audebis
958 500 1133 548 profecto.
1190 500 1387 549 Loquetur

200 552 299 587 enim
320 565 446 590 eorum
469 566 559 600 voce
579 552 708 589 Virtus
729 553 809 601 ipsa
829 559 951 588 tecum
971 566 978 588 :

254 605 343 644 XX.
376 606 496 651 Tune,
519 619 635 654 quum
659 619 790 654 pueros
821 606 1104 650 Lacedaemone,
1129 606 1384 642 adolescentes

201 658 404 708 Olympiae,
424 661 597 695 barbaros
626 660 665 695 in
694 672 803 695 arena
829 660 964 696 videris
993 660 1223 708 excipientes
1242 660 1384 708 gravis-

199 712 310 749 simas
330 715 460 762 plagas
479 721 517 749 et
537 714 694 749 ferentes
712 713 871 756 silentio,
895 713 924 748 si
945 720 980 749 te
999 713 1090 748 forte
1121 713 1224 748 dolor
1247 713 1383 761 aliquis

198 767 423 813 pervellerit,
445 767 672 802 exclamabis
693 775 734 801 ut
755 766 916 802 mulier?
948 779 1022 802 non
1042 774 1253 802 constanter
1273 774 1309 802 et
1325 779 1384 802 se-

197 819 283 855 date
315 821 408 857 feres
422 820 592 856 t—Fieri
626 832 700 855 non
730 827 874 867 potest;
906 827 1037 856 natura
1068 832 1143 855 non
1175 820 1383 867 patitur.—

196 872 335 910 Audio.
395 874 505 910 Pueri
535 873 657 909 ferunt
685 873 802 921 gloria
831 873 957 918 ducti3
990 874 1115 909 ferunt
1143 873 1282 921 pudore
1306 873 1381 918 alii,

196 926 307 962 multi
334 936 463 971 metu3
496 933 533 962 et
561 934 685 962 tamen
718 939 897 970 veremur,
932 934 974 962 ut
1007 927 1087 969 hoc,
1119 927 1220 974 qnod
1253 939 1275 962 a
1307 933 1381 963 tam

197 980 326 1016 multis
347 988 384 1016 et
400 981 500 1029 quod
516 986 567 1016 tot
584 980 674 1015 locis
694 980 909 1027 perferatur,
924 987 1056 1016 natura
1076 981 1237 1028 patiatur
1253 979 1265 1015 ?
1310 979 1383 1016 Illa

196 1045 283 1068 vero
316 1047 391 1069 non
423 1034 533 1070 modo
563 1034 713 1081 patitur,
734 1046 860 1068 verum
894 1033 1004 1069 etiam
1039 1033 1218 1081 postulat.
1278 1032 1382 1069 Nihil

195 1086 294 1122 enim
317 1087 428 1123 babet
447 1087 699 1135 praestantius,
715 1086 806 1122 nihil
828 1087 928 1134 quod
949 1086 1066 1134 magis
1087 1092 1252 1134 expetat,
1268 1099 1381 1135 quam

194 1139 441 1184 honestatem,
463 1153 574 1189 quam
598 1140 760 1181 laudem,
783 1152 896 1187 quam
921 1139 1154 1188 dignitatem,
1176 1152 1288 1187 quam
1315 1140 1379 1176 de-

195 1205 275 1229 cus.
325 1194 441 1230 Hisce
461 1206 529 1240 ego
550 1193 718 1241 pluribus
738 1194 952 1229 nominibus
972 1205 1084 1229 unam
1105 1206 1180 1228 rem
1204 1193 1380 1230 declarari

195 1246 292 1290 volo,
323 1248 386 1283 sed
422 1255 518 1288 utor,
540 1255 582 1282 ut
607 1259 720 1294 quam
752 1248 914 1282 maxime
947 1246 1165 1294 significem,
1195 1246 1379 1294 pluribus,

193 1298 291 1335 Volo
325 1307 450 1336 autem
482 1301 613 1343 dicere,
641 1300 734 1335 illud
764 1299 906 1334 homini
931 1299 1041 1347 longe
1072 1299 1255 1346 optimum
1284 1312 1377 1344 esse,

194 1354 293 1400 quod
314 1354 436 1401 ipsum
458 1353 506 1389 sit
525 1353 730 1401 optandum
752 1365 816 1400 per
835 1365 884 1395 se,
901 1365 922 1388 a
935 1353 1072 1388 virtute
1092 1352 1301 1400 profectum
1320 1354 1397 1405 velx

193 1406 230 1441 in
251 1407 331 1453 ipsa
354 1408 488 1442 virtute
508 1407 634 1449 situm,
653 1418 719 1441 sua
739 1412 869 1453 sponte
889 1406 1087 1449 laudabile,
1105 1407 1206 1453 quod
1227 1407 1377 1454 quidem

193 1459 303 1495 citius
341 1460 501 1495 dixerim
546 1460 679 1502 solum,
717 1472 829 1507 quam
874 1471 949 1494 non
995 1471 1182 1495 summum
1221 1460 1374 1496 bonum.

192 1512 321 1560 Atque
360 1522 403 1549 ut
446 1513 526 1549 haec
566 1514 610 1548 de
650 1513 819 1555 honesto,
861 1512 911 1548 sic
949 1513 994 1548 de
1034 1512 1132 1560 turpi
1171 1514 1375 1551 contraria:

193 1566 284 1601 nihil
308 1574 381 1602 tam
405 1573 566 1609 taetrum‚
588 1566 679 1602 nihil
701 1573 774 1601 tam
795 1566 1082 1613 aspernandum,
1104 1566 1197 1602 nihil
1226 1567 1376 1603 homine

193 1619 394 1667 indignius.

248 1673 360 1711 Quod
390 1674 419 1709 si
451 1673 517 1709 tibi
547 1685 764 1721 persuasum
795 1678 851 1708 est
875 1671 1073 1720 (principio
1104 1671 1201 1708 enim
1229 1673 1373 1717 dixisti,

193 1726 278 1774 plus
298 1726 338 1762 in
357 1727 534 1762 dedecore
564 1727 649 1762 mali
681 1726 748 1762 tibi
778 1726 892 1761 videri
913 1738 1024 1772 quam
1054 1725 1090 1760 in
1111 1725 1266 1772 dolore),
1287 1726 1373 1762 reli-

193 1792 310 1827 quum
331 1788 399 1821 est,
421 1787 462 1816 ut
482 1787 560 1816 tute
581 1780 648 1816 tibi
667 1780 838 1827 imperes.
895 1779 1136 1826 Quamquam
1157 1778 1225 1815 hoc
1249 1780 1373 1816 nescio

193 1845 268 1880 quo
288 1834 398 1868 modo
418 1834 571 1876 dicatur,
589 1833 695 1881 quasi
709 1833 782 1869 duo
798 1833 924 1876 simus,
940 1839 980 1867 ut
993 1832 1086 1868 alter
1100 1832 1266 1880 imperet,
1283 1833 1374 1870 alter

192 1893 340 1934 pareat;
373 1899 446 1921 non
467 1886 598 1922 inscite
618 1894 742 1922 tamen
763 1886 908 1922 dicitur.

245 1938 358 1975 XXI.
390 1939 460 1975 Est
480 1940 576 1974 enim
599 1940 743 1975 animus
764 1940 800 1974 in
823 1947 943 1987 partes
973 1938 1133 1974 tributus
1153 1938 1258 1981 duas,
1279 1951 1371 1986 qua-

191 2004 273 2028 rum
295 1992 409 2028 altera
430 1992 581 2028 rationis
602 2000 656 2028 est
686 1992 878 2040 particeps,
901 1992 1015 2027 altera
1035 2004 1181 2039 expers.
1239 1991 1371 2030 Quum

192 2045 304 2093 igitur
323 2045 548 2094 praecipitur‚
570 2054 611 2081 ut
629 2044 814 2081 nobismet
832 2046 920 2093 ipsis
936 2046 1169 2093 imperemuS‚
1188 2044 1256 2080 hoc
1274 2057 1371 2092 prae-

192 2099 338 2146 cipitur,
362 2106 402 2134 ut
435 2099 527 2134 ratio
560 2107 725 2135 coerceat
758 2099 1018 2135 temeritatem.
1076 2098 1146 2134 Est
1171 2098 1208 2132 in
1238 2098 1371 2135 animis

192 2152 360 2187 omnium
380 2152 452 2188 fere
473 2161 603 2188 natura
627 2152 739 2187 molle
766 2152 955 2199 quiddam,
983 2151 1197 2193 demissum,
1217 2151 1370 2195 humile,

191 2214 408 2241 enervatum
429 2206 705 2253 quodammodo
734 2213 770 2241 et
796 2205 1026 2253 languidum.
1085 2204 1124 2239 Si
1153 2204 1245 2239 nihil
1275 2212 1372 2240 esset

190 2257 306 2301 aliud,
340 2258 431 2294 nihil
465 2266 562 2294 esset
593 2259 741 2294 homine
775 2258 989 2294 deformius.
1047 2257 1120 2293 Sed
1150 2264 1286 2304 praesto
1315 2264 1372 2294 est

190 2311 341 2347 domina
361 2312 525 2348 omnium
548 2319 585 2348 et
603 2312 740 2360 regina,
761 2312 865 2355 ratio,
887 2325 972 2359 quae
992 2311 1154 2347 connixa
1176 2323 1239 2359 per
1269 2323 1307 2347 se
1333 2319 1370 2347 et
