1471 2585
212 89 263 125 84
529 100 734 125 TUSCULAN
763 100 1062 126 DISPUTA'HONS.
1227 87 1310 140 [63,
1331 93 1396 128 64.

264 194 327 230 Ex
346 194 415 230 hac
434 194 609 242 opinione
627 199 717 230 sunt
734 194 800 230 illa
819 194 920 231 varia
944 201 981 232 et
1003 195 1237 232 detestabilia
1263 209 1398 245 genera

210 247 376 296 lugendi,
396 248 578 295 paedoreS,
599 248 800 285 muliebres
821 248 1062 286 lacerationes
1091 262 1282 297 genarum,
1308 262 1396 298 pec-

211 301 312 344 toris,
342 301 534 346 feminum,
566 301 696 350 capitis
729 302 999 350 percussiones.
1067 302 1168 339 Hinc
1200 303 1264 339 ille
1291 304 1396 353 Aga-

211 366 359 390 memno
381 355 607 391 Homericus
625 362 663 391 et
681 355 780 391 idem
798 356 998 399 Accianus,

401 438 559 470 Seinde’ns
574 439 683 471 dolore
698 440 876 471 identidem
891 440 1053 470 intonsam
1069 450 1204 473 comam.

209 524 257 560 In
278 537 353 572 quo
373 524 533 561 facetum
550 525 644 562 illud
662 525 803 569 Bionis,
820 525 972 574 perinde
988 525 1252 562 stultissimum
1271 539 1397 575 regem

208 577 247 613 in
267 578 372 614 luctu
391 579 566 626 capillum
587 578 656 614 sibi
673 578 842 622 evellere,
859 579 965 626 quasi
981 578 1127 615 calvitio
1144 591 1274 616 maeror
1294 580 1397 617 leva-

151 639 191 669 63
210 638 322 668 retur.
381 632 454 667 Sed
473 632 555 668 haec
575 632 700 668 omnia
717 632 859 668 faciunt
883 632 1080 680 opinantes
1106 632 1157 668 ita
1182 633 1260 669 fieri
1287 646 1397 682 opor-

209 691 299 721 tere.
357 684 490 733 Itaque
519 692 556 721 et
582 685 782 722 AEschines
810 685 848 721 in
876 685 1171 722 Demosthenem
1195 686 1397 731 invehitur,

210 738 311 786 quod
328 737 359 774 is
379 739 536 786 septimo
555 739 614 775 die
643 745 729 787 post
753 738 842 775 filiae
870 747 1028 775 mortem
1057 739 1197 775 hostias
1223 739 1397 776 immola-

209 791 337 827 visset.
394 793 447 828 At
466 805 578 840 quam
603 792 802 829 rhetorice!
845 804 956 840 quam
980 792 1149 840 copiose!
1192 805 1284 841 quas
1312 805 1397 830 sen·

209 844 344 881 tentias
364 845 524 893 colligit!
556 859 644 894 quae
662 846 776 882 verba
795 846 1034 894 contorquet!
1065 852 1108 882 ut
1122 846 1232 882 licere
1246 847 1397 894 quidvis

208 898 345 934 rhetori
376 898 575 947 intelligas.
645 899 743 938 Quae
775 911 885 935 nemo
919 899 1103 947 probaret,
1136 899 1209 935 nisi
1241 899 1397 936 insitum

208 951 304 987 illud
321 951 360 987 in
380 952 512 988 animis
532 953 764 996 haberemus,
783 965 913 1003 omnes
932 952 1050 988 bonos
1068 952 1221 989 interitu
1245 965 1397 989 suorum

210 1017 324 1052 quam
346 1006 563 1054 gravissime
583 1018 735 1042 maerere
764 1012 946 1054 oportere.
1003 1006 1066 1042 Ex
1093 1006 1164 1042 hoc
1193 1006 1330 1051 evenit,
1355 1014 1400 1043 ut

209 1058 248 1093 in
266 1059 380 1094 animi
400 1059 590 1095 doloribus
616 1059 679 1095 alii
699 1059 920 1095 solitudines
939 1065 1100 1108 captent,
1120 1066 1165 1096 ut
1182 1059 1234 1095 ait
1253 1059 1398 1096 Home-

208 1123 271 1147 rus
291 1112 337 1148 de
352 1112 652 1161 Bellerophonte,

337 1198 402 1234 Qui
417 1198 518 1228 miser
532 1199 565 1229 in
581 1199 704 1239 campis
718 1208 860 1229 maerens
874 1199 1007 1229 errabat
1023 1199 1126 1237 Aleis,

337 1241 414 1281 Ipse
429 1252 524 1272 suum
540 1252 597 1272 cor
611 1242 722 1281 edens,
736 1242 905 1272 hominum
920 1242 1058 1283 vestigia
1072 1242 1191 1273 vitans.

208 1327 261 1364 Et
292 1327 417 1364 Nioba
441 1328 595 1376 fingitur
622 1327 770 1375 lapidea
801 1333 951 1376 propter
979 1334 1175 1372 aeternum,
1206 1328 1327 1373 credo,
1358 1329 1397 1366 in

206 1381 313 1417 luctu
334 1381 538 1418 silentium.
597 1381 795 1417 Hecubam
816 1388 939 1416 autem
960 1388 1096 1429 putant
1115 1388 1266 1430 propter
1283 1382 1397 1419 animi

207 1434 446 1470 acerbitatem
468 1435 655 1483 quandam
675 1440 711 1470 et
733 1433 873 1470 rabiem
893 1434 983 1482 fingi
1002 1435 1040 1470 in
1061 1448 1190 1471 canem
1210 1448 1289 1472 esse
1308 1448 1398 1472 con-

209 1499 367 1523 versam.
432 1488 531 1524 Sunt
568 1495 695 1524 autem
736 1488 810 1531 alii,
849 1500 942 1536 quos
978 1488 1016 1524 in
1053 1488 1158 1525 luctu
1196 1501 1282 1526 cum
1317 1489 1399 1538 ipsa

209 1540 410 1578 solitudine
443 1541 550 1589 loqui
581 1554 681 1590 saepe
711 1541 882 1586 delectat,
915 1547 959 1577 ut
995 1541 1060 1578 illa
1095 1542 1196 1591 apud
1227 1542 1399 1579 Ennium

207 1603 362 1631 nutrix:

424 1661 548 1702 Cupido
564 1661 649 1701 cepit
665 1662 820 1692 miseram
835 1672 921 1692 nunc
937 1671 989 1692 me
1004 1661 1153 1702 pr6loqui

424 1705 511 1736 Caelo
529 1708 626 1745 atque
641 1709 740 1735 terrae
757 1704 890 1735 Me'dea'r'
904 1705 1063 1735 miserias.

151 1797 192 1827 64
263 1789 437 1826 XXVII.
481 1790 579 1826 Haec
617 1790 742 1826 omnia
778 1795 888 1834 recta,
923 1802 1022 1833 vera,
1061 1790 1189 1826 debita
1223 1796 1399 1839 putantes

209 1842 350 1879 faciunt
365 1844 403 1879 in
424 1844 560 1885 dolore,
581 1844 821 1891 maximeque
841 1843 1059 1886 declaratur,
1076 1844 1146 1879 hoc
1162 1845 1269 1892 quasi
1285 1843 1400 1882 offleii

205 1896 348 1945 judicio
378 1896 469 1939 fieri,
496 1897 609 1944 quod,
637 1898 666 1933 si
686 1897 750 1945 qui
780 1897 886 1940 forte,
907 1909 1023 1946 quum
1049 1909 1088 1933 se
1116 1897 1154 1933 in
1184 1898 1290 1934 luctu
1318 1910 1399 1935 esse

210 1949 362 1994 vellent,
382 1949 522 1997 aliquid
542 1949 708 1986 fecerunt
726 1950 927 1986 humanius
957 1957 1023 1986 aut
1051 1951 1080 1986 si
1109 1950 1262 1987 hilarius
1283 1951 1399 1987 locuti

211 2010 310 2047 sunt,
331 2009 507 2039 revocant
527 2015 564 2038 se
584 2016 711 2039 rursus
731 2004 777 2052 ad
796 2003 1011 2040 maestitiam
1030 2004 1247 2052 peccatique
1273 2016 1311 2040 se
1338 2004 1397 2040 in-

211 2056 402 2100 simulant,
425 2057 526 2104 quod
547 2056 670 2092 dolere
696 2057 974 2094 intermiserint.
1033 2057 1175 2093 Pueros
1203 2069 1290 2093 vero
1317 2069 1397 2094 ma-

211 2115 284 2145 tres
302 2116 338 2146 et
357 2109 524 2158 magistri
544 2110 722 2158 castigare
742 2110 853 2146 etiam
880 2110 1012 2153 solent,
1033 2122 1100 2146 nec
1120 2110 1241 2146 verbis
1261 2109 1396 2154 solum,

212 2163 275 2198 sed
296 2163 406 2198 etiarn
429 2163 654 2206 verberibus,
676 2163 705 2198 si
725 2163 815 2211 quid
837 2163 873 2199 in
893 2163 1095 2200 domestico
1114 2162 1218 2199 luctu
1244 2162 1396 2200 hilarius

210 2215 257 2251 ab
291 2216 336 2251 iis
368 2217 506 2252 factum
532 2222 588 2252 est
613 2222 678 2252 aut
705 2216 860 2261 dictum,
888 2217 1030 2265 plorare
1052 2222 1204 2264 cogunt.
1263 2216 1395 2255 Quid?

210 2268 292 2316 ipsa
320 2269 487 2305 remissio
516 2269 642 2306 luctus
670 2281 787 2317 quum
821 2275 878 2306 est
906 2275 1115 2312 consecuta,
1144 2269 1396 2306 intellectum-

210 2333 284 2369 que
321 2328 388 2365 est,
426 2323 519 2358 nihil
553 2322 683 2371 profici
719 2323 935 2360 maerendo:
977 2335 1101 2359 nonne
1135 2335 1193 2358 res
1222 2322 1397 2366 declarat,

210 2374 325 2411 fuisse
342 2381 464 2412 totum
484 2376 578 2412 illud
595 2375 850 2412 voluntarium
866 2375 881 2412 2
