<?xml version="1.0" encoding="UTF-8"?>
<!DOCTYPE html PUBLIC "-//W3C//DTD XHTML 1.0 Transitional//EN"
    "http://www.w3.org/TR/xhtml1/DTD/xhtml1-transitional.dtd">
<html xmlns="http://www.w3.org/1999/xhtml" xml:lang="en" lang="en">
 <head>
  <title>
</title>
<meta http-equiv="Content-Type" content="text/html;charset=utf-8" />
  <meta name='ocr-system' content='tesseract 3.04.00' />
  <meta name='ocr-capabilities' content='ocr_page ocr_carea ocr_par ocr_line ocrx_word'/>
</head>
<body>
  <div class='ocr_page' id='page_1' title='image "./tusculandisputat00ciceuoft_0134.png"; bbox 0 0 1471 2585; ppageno 0'>
   <div class='ocr_carea' id='block_1_1' title="bbox 137 917 176 946">
    <p class='ocr_par' dir='ltr' id='par_1_1' title="bbox 137 917 176 946">
     <span class='ocr_line' id='line_1_1' title="bbox 137 917 176 946; baseline 0 0"><span class='ocrx_word' id='word_1_1' title='bbox 137 917 176 946; x_wconf 80' lang='lat'><strong>23</strong></span> 
     </span>
    </p>
   </div>
   <div class='ocr_carea' id='block_1_2' title="bbox 136 1499 177 1529">
    <p class='ocr_par' dir='ltr' id='par_1_2' title="bbox 136 1499 177 1529">
     <span class='ocr_line' id='line_1_2' title="bbox 136 1499 177 1529; baseline -0.024 0"><span class='ocrx_word' id='word_1_2' title='bbox 136 1499 177 1529; x_wconf 75' lang='lat'><strong>24</strong></span> 
     </span>
    </p>
   </div>
   <div class='ocr_carea' id='block_1_3' title="bbox 139 2349 177 2378">
    <p class='ocr_par' dir='ltr' id='par_1_3' title="bbox 139 2349 177 2378">
     <span class='ocr_line' id='line_1_3' title="bbox 139 2349 177 2378; baseline -0.026 0"><span class='ocrx_word' id='word_1_3' title='bbox 139 2350 156 2378; x_wconf 86' lang='lat'><strong>‘2</strong></span> <span class='ocrx_word' id='word_1_4' title='bbox 161 2349 177 2377; x_wconf 80' lang='lat'><em>5</em></span> 
     </span>
    </p>
   </div>
   <div class='ocr_carea' id='block_1_4' title="bbox 184 115 1358 167">
    <p class='ocr_par' dir='ltr' id='par_1_4' title="bbox 184 115 1358 167">
     <span class='ocr_line' id='line_1_4' title="bbox 184 115 1358 167; baseline -0.001 -10"><span class='ocrx_word' id='word_1_5' title='bbox 184 122 258 157; x_wconf 74' lang='lat'><strong>126</strong></span> <span class='ocrx_word' id='word_1_6' title='bbox 513 129 717 155; x_wconf 73' lang='lat' dir='ltr'>TUSCULAN</span> <span class='ocrx_word' id='word_1_7' title='bbox 746 130 1040 156; x_wconf 78' lang='lat' dir='ltr'><strong>DrsPUTA&#39;rmNS.</strong></span> <span class='ocrx_word' id='word_1_8' title='bbox 1168 115 1358 167; x_wconf 84' lang='lat'><strong>[23—25.</strong></span> 
     </span>
    </p>
   </div>
   <div class='ocr_carea' id='block_1_5' title="bbox 185 224 1370 2445">
    <p class='ocr_par' dir='ltr' id='par_1_5' title="bbox 185 224 1366 909">
     <span class='ocr_line' id='line_1_5' title="bbox 185 224 1359 273; baseline -0.003 -10"><span class='ocrx_word' id='word_1_9' title='bbox 185 226 256 263; x_wconf 83' lang='lat' dir='ltr'><strong>ista</strong></span> <span class='ocrx_word' id='word_1_10' title='bbox 280 225 370 262; x_wconf 82' lang='lat' dir='ltr'><strong>mihi</strong></span> <span class='ocrx_word' id='word_1_11' title='bbox 396 231 431 261; x_wconf 85' lang='lat' dir='ltr'><strong>et</strong></span> <span class='ocrx_word' id='word_1_12' title='bbox 461 238 545 261; x_wconf 91' lang='lat' dir='ltr'><strong>cum</strong></span> <span class='ocrx_word' id='word_1_13' title='bbox 564 225 749 261; x_wconf 85' lang='lat' dir='ltr'>Antiocho</span> <span class='ocrx_word' id='word_1_14' title='bbox 779 237 879 273; x_wconf 87' lang='lat' dir='ltr'><strong>saepe</strong></span> <span class='ocrx_word' id='word_1_15' title='bbox 906 230 943 260; x_wconf 88' lang='lat' dir='ltr'><strong>et</strong></span> <span class='ocrx_word' id='word_1_16' title='bbox 971 237 1055 260; x_wconf 88' lang='lat' dir='ltr'><strong>cum</strong></span> <span class='ocrx_word' id='word_1_17' title='bbox 1075 224 1200 260; x_wconf 84' lang='lat' dir='ltr'>Aristo</span> <span class='ocrx_word' id='word_1_18' title='bbox 1229 237 1359 273; x_wconf 87' lang='lat' dir='ltr'>nuper,</span> 
     </span>
     <span class='ocr_line' id='line_1_6' title="bbox 187 277 1361 327; baseline -0.001 -13"><span class='ocrx_word' id='word_1_19' title='bbox 187 291 303 327; x_wconf 90' lang='lat' dir='ltr'><strong>quum</strong></span> <span class='ocrx_word' id='word_1_20' title='bbox 324 278 480 315; x_wconf 84' lang='lat' dir='ltr'><strong>Athenis</strong></span> <span class='ocrx_word' id='word_1_21' title='bbox 497 278 695 326; x_wconf 89' lang='lat' dir='ltr'><strong>imperator</strong></span> <span class='ocrx_word' id='word_1_22' title='bbox 713 279 811 326; x_wconf 90' lang='lat' dir='ltr'><strong>apud</strong></span> <span class='ocrx_word' id='word_1_23' title='bbox 835 290 919 313; x_wconf 91' lang='lat' dir='ltr'><strong>eum</strong></span> <span class='ocrx_word' id='word_1_24' title='bbox 939 277 1157 321; x_wconf 84' lang='lat' dir='ltr'><strong>deversarer,</strong></span> <span class='ocrx_word' id='word_1_25' title='bbox 1179 277 1361 314; x_wconf 89' lang='lat' dir='ltr'><strong>dissensio</strong></span> 
     </span>
     <span class='ocr_line' id='line_1_7' title="bbox 187 330 1361 378; baseline -0.001 -10"><span class='ocrx_word' id='word_1_26' title='bbox 187 332 270 368; x_wconf 88' lang='lat' dir='ltr'><strong>fuit.</strong></span> <span class='ocrx_word' id='word_1_27' title='bbox 328 331 422 367; x_wconf 89' lang='lat' dir='ltr'><strong>Mihi</strong></span> <span class='ocrx_word' id='word_1_28' title='bbox 452 331 550 367; x_wconf 90' lang='lat' dir='ltr'><strong>enim</strong></span> <span class='ocrx_word' id='word_1_29' title='bbox 580 344 653 367; x_wconf 91' lang='lat' dir='ltr'><strong>non</strong></span> <span class='ocrx_word' id='word_1_30' title='bbox 682 331 876 367; x_wconf 85' lang='lat' dir='ltr'><strong>videbatur</strong></span> <span class='ocrx_word' id='word_1_31' title='bbox 895 330 1093 378; x_wconf 86' lang='lat' dir='ltr'><strong>quisquam</strong></span> <span class='ocrx_word' id='word_1_32' title='bbox 1121 343 1201 367; x_wconf 89' lang='lat' dir='ltr'><strong>esse</strong></span> <span class='ocrx_word' id='word_1_33' title='bbox 1229 332 1361 367; x_wconf 84' lang='lat' dir='ltr'><strong>beatus</strong></span> 
     </span>
     <span class='ocr_line' id='line_1_8' title="bbox 189 383 1361 433; baseline 0 -14"><span class='ocrx_word' id='word_1_34' title='bbox 189 397 307 433; x_wconf 88' lang='lat' dir='ltr'><strong>posse,</strong></span> <span class='ocrx_word' id='word_1_35' title='bbox 328 396 442 432; x_wconf 90' lang='lat' dir='ltr'><strong>quum</strong></span> <span class='ocrx_word' id='word_1_36' title='bbox 468 384 505 419; x_wconf 87' lang='lat' dir='ltr'><strong>in</strong></span> <span class='ocrx_word' id='word_1_37' title='bbox 535 384 640 420; x_wconf 87' lang='lat' dir='ltr'><strong>malis</strong></span> <span class='ocrx_word' id='word_1_38' title='bbox 669 390 786 429; x_wconf 85' lang='lat' dir='ltr'><strong>esset;</strong></span> <span class='ocrx_word' id='word_1_39' title='bbox 818 383 857 419; x_wconf 89' lang='lat' dir='ltr'><strong>in</strong></span> <span class='ocrx_word' id='word_1_40' title='bbox 883 383 988 419; x_wconf 88' lang='lat' dir='ltr'><strong>malis</strong></span> <span class='ocrx_word' id='word_1_41' title='bbox 1008 391 1131 419; x_wconf 88' lang='lat' dir='ltr'><strong>autern</strong></span> <span class='ocrx_word' id='word_1_42' title='bbox 1159 384 1361 432; x_wconf 85' lang='lat' dir='ltr'><strong>sapientem</strong></span> 
     </span>
     <span class='ocr_line' id='line_1_9' title="bbox 190 436 1361 485; baseline -0.001 -12"><span class='ocrx_word' id='word_1_43' title='bbox 190 450 268 473; x_wconf 91' lang='lat' dir='ltr'><strong>esse</strong></span> <span class='ocrx_word' id='word_1_44' title='bbox 284 449 402 485; x_wconf 87' lang='lat' dir='ltr'><strong>posse,</strong></span> <span class='ocrx_word' id='word_1_45' title='bbox 418 437 449 472; x_wconf 91' lang='lat' dir='ltr'><strong>si</strong></span> <span class='ocrx_word' id='word_1_46' title='bbox 461 444 583 473; x_wconf 85' lang='lat' dir='ltr'><strong>essent</strong></span> <span class='ocrx_word' id='word_1_47' title='bbox 594 437 672 474; x_wconf 88' lang='lat' dir='ltr'><strong>ulla</strong></span> <span class='ocrx_word' id='word_1_48' title='bbox 683 437 842 485; x_wconf 90' lang='lat' dir='ltr'><strong>corporis</strong></span> <span class='ocrx_word' id='word_1_49' title='bbox 857 442 921 472; x_wconf 92' lang='lat' dir='ltr'><strong>aut</strong></span> <span class='ocrx_word' id='word_1_50' title='bbox 934 436 1091 472; x_wconf 86' lang='lat' dir='ltr'><strong>fortunae</strong></span> <span class='ocrx_word' id='word_1_51' title='bbox 1108 437 1216 473; x_wconf 83' lang='lat' dir='ltr'><strong>mala.</strong></span> <span class='ocrx_word' id='word_1_52' title='bbox 1248 437 1361 473; x_wconf 91' lang='lat' dir='ltr'><strong>Dice·</strong></span> 
     </span>
     <span class='ocr_line' id='line_1_10' title="bbox 189 489 1362 539; baseline 0 -14"><span class='ocrx_word' id='word_1_53' title='bbox 189 490 324 525; x_wconf 84' lang='lat' dir='ltr'><strong>bantur</strong></span> <span class='ocrx_word' id='word_1_54' title='bbox 342 490 433 531; x_wconf 87' lang='lat' dir='ltr'><strong>haec,</strong></span> <span class='ocrx_word' id='word_1_55' title='bbox 450 503 536 538; x_wconf 87' lang='lat' dir='ltr'><strong>quae</strong></span> <span class='ocrx_word' id='word_1_56' title='bbox 557 490 776 539; x_wconf 86' lang='lat' dir='ltr'><strong>scriptitavit</strong></span> <span class='ocrx_word' id='word_1_57' title='bbox 792 489 902 526; x_wconf 89' lang='lat' dir='ltr'><strong>etiam</strong></span> <span class='ocrx_word' id='word_1_58' title='bbox 915 489 1121 525; x_wconf 87' lang='lat' dir='ltr'><strong>Antiochus</strong></span> <span class='ocrx_word' id='word_1_59' title='bbox 1136 490 1226 526; x_wconf 87' lang='lat' dir='ltr'><strong>locis</strong></span> <span class='ocrx_word' id='word_1_60' title='bbox 1246 490 1362 538; x_wconf 87' lang='lat' dir='ltr'><strong>pluri-</strong></span> 
     </span>
     <span class='ocr_line' id='line_1_11' title="bbox 190 541 1363 592; baseline -0.001 -13"><span class='ocrx_word' id='word_1_61' title='bbox 190 543 274 585; x_wconf 90' lang='lat' dir='ltr'><strong>bus,</strong></span> <span class='ocrx_word' id='word_1_62' title='bbox 295 542 468 578; x_wconf 87' lang='lat' dir='ltr'><strong>virtutem</strong></span> <span class='ocrx_word' id='word_1_63' title='bbox 488 543 605 592; x_wconf 83' lang='lat' dir='ltr'><strong>ipsam</strong></span> <span class='ocrx_word' id='word_1_64' title='bbox 631 556 695 591; x_wconf 89' lang='lat' dir='ltr'><strong>per</strong></span> <span class='ocrx_word' id='word_1_65' title='bbox 720 556 757 579; x_wconf 90' lang='lat' dir='ltr'><strong>se</strong></span> <span class='ocrx_word' id='word_1_66' title='bbox 785 544 929 579; x_wconf 82' lang='lat' dir='ltr'><strong>beatam</strong></span> <span class='ocrx_word' id='word_1_67' title='bbox 959 541 1071 577; x_wconf 83' lang='lat' dir='ltr'><strong>vitam</strong></span> <span class='ocrx_word' id='word_1_68' title='bbox 1095 542 1237 578; x_wconf 87' lang='lat' dir='ltr'><strong>efficere</strong></span> <span class='ocrx_word' id='word_1_69' title='bbox 1255 555 1363 591; x_wconf 89' lang='lat' dir='ltr'><strong>posse</strong></span> 
     </span>
     <span class='ocr_line' id='line_1_12' title="bbox 191 595 1362 644; baseline 0 -13"><span class='ocrx_word' id='word_1_70' title='bbox 191 608 312 643; x_wconf 89' lang='lat' dir='ltr'><strong>neque</strong></span> <span class='ocrx_word' id='word_1_71' title='bbox 328 601 452 631; x_wconf 83' lang='lat' dir='ltr'><strong>tamen</strong></span> <span class='ocrx_word' id='word_1_72' title='bbox 470 596 719 632; x_wconf 85' lang='lat' dir='ltr'><strong>beatissimam</strong></span> <span class='ocrx_word' id='word_1_73' title='bbox 738 611 746 640; x_wconf 89' lang='grc'>;</span> <span class='ocrx_word' id='word_1_74' title='bbox 779 596 911 632; x_wconf 90' lang='lat' dir='ltr'><strong>deinde</strong></span> <span class='ocrx_word' id='word_1_75' title='bbox 927 607 975 631; x_wconf 87' lang='lat' dir='ltr'><strong>ex</strong></span> <span class='ocrx_word' id='word_1_76' title='bbox 995 595 1131 643; x_wconf 90' lang='lat' dir='ltr'><strong>majore</strong></span> <span class='ocrx_word' id='word_1_77' title='bbox 1159 602 1258 643; x_wconf 89' lang='lat' dir='ltr'><strong>parte</strong></span> <span class='ocrx_word' id='word_1_78' title='bbox 1283 596 1362 644; x_wconf 89' lang='lat' dir='ltr'><strong>ple-</strong></span> 
     </span>
     <span class='ocr_line' id='line_1_13' title="bbox 192 649 1366 696; baseline 0 -12"><span class='ocrx_word' id='word_1_79' title='bbox 192 660 324 696; x_wconf 86' lang='lat' dir='ltr'><strong>rasque</strong></span> <span class='ocrx_word' id='word_1_80' title='bbox 356 661 412 684; x_wconf 84' lang='lat' dir='ltr'><strong>res</strong></span> <span class='ocrx_word' id='word_1_81' title='bbox 448 650 641 692; x_wconf 90' lang='lat' dir='ltr'><strong>nominari,</strong></span> <span class='ocrx_word' id='word_1_82' title='bbox 678 649 788 685; x_wconf 90' lang='lat' dir='ltr'><strong>etiam</strong></span> <span class='ocrx_word' id='word_1_83' title='bbox 816 649 845 684; x_wconf 92' lang='lat' dir='ltr'><strong>si</strong></span> <span class='ocrx_word' id='word_1_84' title='bbox 874 661 960 696; x_wconf 89' lang='lat' dir='ltr'><strong>quae</strong></span> <span class='ocrx_word' id='word_1_85' title='bbox 993 661 1076 696; x_wconf 87' lang='lat' dir='ltr'><strong>pars</strong></span> <span class='ocrx_word' id='word_1_86' title='bbox 1112 649 1281 693; x_wconf 84' lang='lat' dir='ltr'><strong>abesset3</strong></span> <span class='ocrx_word' id='word_1_87' title='bbox 1322 654 1366 684; x_wconf 85' lang='lat' dir='ltr'><strong>ut</strong></span> 
     </span>
     <span class='ocr_line' id='line_1_14' title="bbox 193 701 1363 750; baseline 0.002 -14"><span class='ocrx_word' id='word_1_88' title='bbox 193 702 300 746; x_wconf 87' lang='lat' dir='ltr'><strong>vires,</strong></span> <span class='ocrx_word' id='word_1_89' title='bbox 321 707 362 737; x_wconf 90' lang='lat' dir='ltr'><strong>ut</strong></span> <span class='ocrx_word' id='word_1_90' title='bbox 382 701 643 746; x_wconf 88' lang='lat' dir='ltr'><strong>valetudinem,</strong></span> <span class='ocrx_word' id='word_1_91' title='bbox 673 708 715 738; x_wconf 93' lang='lat' dir='ltr'><strong>ut</strong></span> <span class='ocrx_word' id='word_1_92' title='bbox 741 702 900 744; x_wconf 90' lang='lat' dir='ltr'><strong>divitias,</strong></span> <span class='ocrx_word' id='word_1_93' title='bbox 929 708 972 737; x_wconf 89' lang='lat' dir='ltr'><strong>ut</strong></span> <span class='ocrx_word' id='word_1_94' title='bbox 999 701 1186 744; x_wconf 78' lang='lat' dir='ltr'><strong>honorem.</strong></span> <span class='ocrx_word' id='word_1_95' title='bbox 1216 708 1259 738; x_wconf 92' lang='lat' dir='ltr'><strong>ut</strong></span> <span class='ocrx_word' id='word_1_96' title='bbox 1283 702 1363 750; x_wconf 89' lang='lat' dir='ltr'><strong>glo-</strong></span> 
     </span>
     <span class='ocr_line' id='line_1_15' title="bbox 193 754 1365 803; baseline 0.001 -13"><span class='ocrx_word' id='word_1_97' title='bbox 193 754 296 797; x_wconf 83' lang='lat' dir='ltr'><strong>riam,</strong></span> <span class='ocrx_word' id='word_1_98' title='bbox 313 767 398 802; x_wconf 86' lang='lat' dir='ltr'><strong>quae</strong></span> <span class='ocrx_word' id='word_1_99' title='bbox 414 768 557 803; x_wconf 81' lang='lat' dir='ltr'><strong>genere,</strong></span> <span class='ocrx_word' id='word_1_100' title='bbox 574 768 648 791; x_wconf 90' lang='lat' dir='ltr'><strong>non</strong></span> <span class='ocrx_word' id='word_1_101' title='bbox 665 768 819 791; x_wconf 89' lang='lat' dir='ltr'><strong>numero</strong></span> <span class='ocrx_word' id='word_1_102' title='bbox 840 760 1094 791; x_wconf 86' lang='lat' dir='ltr'><strong>cernerentur:</strong></span> <span class='ocrx_word' id='word_1_103' title='bbox 1116 755 1203 791; x_wconf 89' lang='lat' dir='ltr'><strong>item</strong></span> <span class='ocrx_word' id='word_1_104' title='bbox 1218 756 1365 791; x_wconf 89' lang='lat' dir='ltr'><strong>beatam</strong></span> 
     </span>
     <span class='ocr_line' id='line_1_16' title="bbox 193 807 1363 856; baseline 0.001 -13"><span class='ocrx_word' id='word_1_105' title='bbox 193 807 320 851; x_wconf 85' lang='lat' dir='ltr'><strong>vitam,</strong></span> <span class='ocrx_word' id='word_1_106' title='bbox 352 808 462 843; x_wconf 88' lang='lat' dir='ltr'><strong>etiarn</strong></span> <span class='ocrx_word' id='word_1_107' title='bbox 497 808 527 843; x_wconf 91' lang='lat' dir='ltr'><strong>si</strong></span> <span class='ocrx_word' id='word_1_108' title='bbox 564 821 612 844; x_wconf 83' lang='lat' dir='ltr'><strong>ex</strong></span> <span class='ocrx_word' id='word_1_109' title='bbox 643 808 768 856; x_wconf 82' lang='lat' dir='ltr'><strong>aliqua</strong></span> <span class='ocrx_word' id='word_1_110' title='bbox 801 814 902 856; x_wconf 86' lang='lat' dir='ltr'><strong>parte</strong></span> <span class='ocrx_word' id='word_1_111' title='bbox 933 807 1129 850; x_wconf 83' lang='lat' dir='ltr'><strong>clauderet,</strong></span> <span class='ocrx_word' id='word_1_112' title='bbox 1164 815 1286 844; x_wconf 85' lang='lat' dir='ltr'><strong>tamen</strong></span> <span class='ocrx_word' id='word_1_113' title='bbox 1316 820 1363 844; x_wconf 88' lang='lat' dir='ltr'><strong>ex</strong></span> 
     </span>
     <span class='ocr_line' id='line_1_17' title="bbox 194 860 1071 909; baseline 0.001 -14"><span class='ocrx_word' id='word_1_114' title='bbox 194 860 314 896; x_wconf 91' lang='lat' dir='ltr'><strong>multo</strong></span> <span class='ocrx_word' id='word_1_115' title='bbox 334 860 470 909; x_wconf 81' lang='lat' dir='ltr'><strong>majore</strong></span> <span class='ocrx_word' id='word_1_116' title='bbox 487 868 589 909; x_wconf 87' lang='lat' dir='ltr'><strong>parte</strong></span> <span class='ocrx_word' id='word_1_117' title='bbox 608 862 773 897; x_wconf 89' lang='lat' dir='ltr'><strong>obtinere</strong></span> <span class='ocrx_word' id='word_1_118' title='bbox 792 873 926 897; x_wconf 90' lang='lat' dir='ltr'><strong>nomen</strong></span> <span class='ocrx_word' id='word_1_119' title='bbox 948 873 1071 896; x_wconf 85' lang='lat' dir='ltr'><strong>suum.</strong></span> 
     </span>
    </p>

    <p class='ocr_par' dir='ltr' id='par_1_6' title="bbox 192 914 1370 1479">
     <span class='ocr_line' id='line_1_18' title="bbox 250 914 1365 962; baseline 0.001 -13"><span class='ocrx_word' id='word_1_120' title='bbox 250 914 344 949; x_wconf 88' lang='lat' dir='ltr'><strong>Haec</strong></span> <span class='ocrx_word' id='word_1_121' title='bbox 363 926 462 949; x_wconf 90' lang='lat' dir='ltr'><strong>nunc</strong></span> <span class='ocrx_word' id='word_1_122' title='bbox 480 914 671 950; x_wconf 83' lang='lat' dir='ltr'><strong>enucleare</strong></span> <span class='ocrx_word' id='word_1_123' title='bbox 696 927 770 950; x_wconf 89' lang='lat' dir='ltr'><strong>non</strong></span> <span class='ocrx_word' id='word_1_124' title='bbox 795 914 847 950; x_wconf 86' lang='lat' dir='ltr'><strong>ita</strong></span> <span class='ocrx_word' id='word_1_125' title='bbox 873 926 1022 949; x_wconf 87' lang='lat' dir='ltr'><strong>necesse</strong></span> <span class='ocrx_word' id='word_1_126' title='bbox 1050 920 1116 956; x_wconf 87' lang='lat' dir='ltr'><strong>est,</strong></span> <span class='ocrx_word' id='word_1_127' title='bbox 1138 926 1365 962; x_wconf 87' lang='lat' dir='ltr'><strong>quamquam</strong></span> 
     </span>
     <span class='ocr_line' id='line_1_19' title="bbox 194 966 1367 1014; baseline 0.001 -13"><span class='ocrx_word' id='word_1_128' title='bbox 194 978 269 1002; x_wconf 91' lang='lat' dir='ltr'><strong>non</strong></span> <span class='ocrx_word' id='word_1_129' title='bbox 302 967 598 1003; x_wconf 84' lang='lat' dir='ltr'><strong>constantissime</strong></span> <span class='ocrx_word' id='word_1_130' title='bbox 631 967 703 1003; x_wconf 80' lang='lat' dir='ltr'><strong>diei</strong></span> <span class='ocrx_word' id='word_1_131' title='bbox 732 967 822 1003; x_wconf 86' lang='lat' dir='ltr'><strong>mihi</strong></span> <span class='ocrx_word' id='word_1_132' title='bbox 855 966 1037 1003; x_wconf 88' lang='lat' dir='ltr'><strong>videntur.</strong></span> <span class='ocrx_word' id='word_1_133' title='bbox 1108 967 1202 1002; x_wconf 87' lang='lat' dir='ltr'><strong>Nam</strong></span> <span class='ocrx_word' id='word_1_134' title='bbox 1237 974 1274 1002; x_wconf 90' lang='lat' dir='ltr'><strong>et</strong></span> <span class='ocrx_word' id='word_1_135' title='bbox 1302 967 1367 1014; x_wconf 92' lang='lat' dir='ltr'><strong>qui</strong></span> 
     </span>
     <span class='ocr_line' id='line_1_20' title="bbox 194 1019 1367 1068; baseline 0 -13"><span class='ocrx_word' id='word_1_136' title='bbox 194 1020 324 1055; x_wconf 84' lang='lat' dir='ltr'><strong>beatus</strong></span> <span class='ocrx_word' id='word_1_137' title='bbox 345 1027 412 1063; x_wconf 87' lang='lat' dir='ltr'><strong>est,</strong></span> <span class='ocrx_word' id='word_1_138' title='bbox 433 1033 506 1055; x_wconf 92' lang='lat' dir='ltr'><strong>non</strong></span> <span class='ocrx_word' id='word_1_139' title='bbox 527 1020 707 1068; x_wconf 85' lang='lat' dir='ltr'><strong>intelligo,</strong></span> <span class='ocrx_word' id='word_1_140' title='bbox 728 1020 819 1068; x_wconf 86' lang='lat' dir='ltr'><strong>quid</strong></span> <span class='ocrx_word' id='word_1_141' title='bbox 838 1020 1011 1068; x_wconf 88' lang='lat' dir='ltr'><strong>requirat,</strong></span> <span class='ocrx_word' id='word_1_142' title='bbox 1031 1026 1074 1055; x_wconf 88' lang='lat' dir='ltr'><strong>ut</strong></span> <span class='ocrx_word' id='word_1_143' title='bbox 1093 1019 1140 1055; x_wconf 89' lang='lat' dir='ltr'><strong>sit</strong></span> <span class='ocrx_word' id='word_1_144' title='bbox 1159 1019 1298 1055; x_wconf 87' lang='lat' dir='ltr'><strong>beatior</strong></span> <span class='ocrx_word' id='word_1_145' title='bbox 1316 1019 1367 1068; x_wconf 87' lang='lat' dir='ltr'><strong>(si</strong></span> 
     </span>
     <span class='ocr_line' id='line_1_21' title="bbox 195 1070 1367 1121; baseline 0.002 -14"><span class='ocrx_word' id='word_1_146' title='bbox 195 1078 251 1108; x_wconf 88' lang='lat' dir='ltr'><strong>est</strong></span> <span class='ocrx_word' id='word_1_147' title='bbox 269 1072 380 1115; x_wconf 87' lang='lat' dir='ltr'><strong>enim,</strong></span> <span class='ocrx_word' id='word_1_148' title='bbox 401 1073 500 1120; x_wconf 88' lang='lat' dir='ltr'><strong>quod</strong></span> <span class='ocrx_word' id='word_1_149' title='bbox 517 1073 622 1116; x_wconf 81' lang='lat' dir='ltr'><strong>desit,</strong></span> <span class='ocrx_word' id='word_1_150' title='bbox 643 1086 689 1108; x_wconf 90' lang='lat' dir='ltr'><strong>ne</strong></span> <span class='ocrx_word' id='word_1_151' title='bbox 709 1074 838 1109; x_wconf 87' lang='lat' dir='ltr'><strong>beatus</strong></span> <span class='ocrx_word' id='word_1_152' title='bbox 857 1073 1005 1120; x_wconf 86' lang='lat' dir='ltr'><strong>quidem</strong></span> <span class='ocrx_word' id='word_1_153' title='bbox 1035 1070 1121 1120; x_wconf 83' lang='lat' dir='ltr'><strong>est),</strong></span> <span class='ocrx_word' id='word_1_154' title='bbox 1143 1079 1179 1108; x_wconf 87' lang='lat' dir='ltr'><strong>et</strong></span> <span class='ocrx_word' id='word_1_155' title='bbox 1198 1073 1296 1121; x_wconf 91' lang='lat' dir='ltr'><strong>quod</strong></span> <span class='ocrx_word' id='word_1_156' title='bbox 1318 1085 1367 1109; x_wconf 86' lang='lat' dir='ltr'><strong>ex</strong></span> 
     </span>
     <span class='ocr_line' id='line_1_22' title="bbox 194 1125 1368 1174; baseline 0 -14"><span class='ocrx_word' id='word_1_157' title='bbox 194 1125 331 1173; x_wconf 85' lang='lat' dir='ltr'><strong>majore</strong></span> <span class='ocrx_word' id='word_1_158' title='bbox 358 1134 458 1174; x_wconf 87' lang='lat' dir='ltr'><strong>parte</strong></span> <span class='ocrx_word' id='word_1_159' title='bbox 482 1139 596 1162; x_wconf 88' lang='lat' dir='ltr'><strong>unam</strong></span> <span class='ocrx_word' id='word_1_160' title='bbox 616 1139 802 1174; x_wconf 89' lang='lat' dir='ltr'><strong>quamque</strong></span> <span class='ocrx_word' id='word_1_161' title='bbox 830 1139 907 1162; x_wconf 90' lang='lat' dir='ltr'><strong>rem</strong></span> <span class='ocrx_word' id='word_1_162' title='bbox 936 1125 1111 1174; x_wconf 85' lang='lat' dir='ltr'><strong>appellari</strong></span> <span class='ocrx_word' id='word_1_163' title='bbox 1139 1126 1368 1174; x_wconf 84' lang='lat' dir='ltr'><strong>spectarique</strong></span> 
     </span>
     <span class='ocr_line' id='line_1_23' title="bbox 195 1178 1370 1223; baseline 0.001 -10"><span class='ocrx_word' id='word_1_164' title='bbox 195 1178 335 1223; x_wconf 86' lang='lat' dir='ltr'><strong>dicunt,</strong></span> <span class='ocrx_word' id='word_1_165' title='bbox 362 1185 429 1220; x_wconf 85' lang='lat' dir='ltr'><strong>est,</strong></span> <span class='ocrx_word' id='word_1_166' title='bbox 458 1179 522 1214; x_wconf 86' lang='lat' dir='ltr'><strong>ubi</strong></span> <span class='ocrx_word' id='word_1_167' title='bbox 551 1179 588 1215; x_wconf 88' lang='lat' dir='ltr'><strong>id</strong></span> <span class='ocrx_word' id='word_1_168' title='bbox 614 1180 685 1215; x_wconf 87' lang='lat' dir='ltr'><strong>isto</strong></span> <span class='ocrx_word' id='word_1_169' title='bbox 712 1180 821 1216; x_wconf 89' lang='lat' dir='ltr'><strong>modo</strong></span> <span class='ocrx_word' id='word_1_170' title='bbox 851 1179 982 1215; x_wconf 83' lang='lat' dir='ltr'><strong>valeat.</strong></span> <span class='ocrx_word' id='word_1_171' title='bbox 1041 1179 1170 1217; x_wconf 81' lang='lat' dir='ltr'><strong>Quum</strong></span> <span class='ocrx_word' id='word_1_172' title='bbox 1191 1191 1275 1214; x_wconf 90' lang='lat' dir='ltr'><strong>vero</strong></span> <span class='ocrx_word' id='word_1_173' title='bbox 1301 1179 1370 1214; x_wconf 90' lang='lat' dir='ltr'><strong>tria</strong></span> 
     </span>
     <span class='ocr_line' id='line_1_24' title="bbox 193 1231 1368 1280; baseline 0.001 -14"><span class='ocrx_word' id='word_1_174' title='bbox 193 1243 327 1279; x_wconf 86' lang='lat' dir='ltr'><strong>genera</strong></span> <span class='ocrx_word' id='word_1_175' title='bbox 342 1232 522 1269; x_wconf 85' lang='lat' dir='ltr'><strong>malorum</strong></span> <span class='ocrx_word' id='word_1_176' title='bbox 539 1245 618 1268; x_wconf 89' lang='lat' dir='ltr'><strong>esse</strong></span> <span class='ocrx_word' id='word_1_177' title='bbox 633 1232 778 1269; x_wconf 88' lang='lat' dir='ltr'><strong>dicant:</strong></span> <span class='ocrx_word' id='word_1_178' title='bbox 808 1232 873 1280; x_wconf 89' lang='lat' dir='ltr'><strong>qui</strong></span> <span class='ocrx_word' id='word_1_179' title='bbox 892 1233 1049 1268; x_wconf 91' lang='lat' dir='ltr'><strong>duorum</strong></span> <span class='ocrx_word' id='word_1_180' title='bbox 1070 1244 1246 1280; x_wconf 86' lang='lat' dir='ltr'><strong>generum</strong></span> <span class='ocrx_word' id='word_1_181' title='bbox 1262 1231 1368 1267; x_wconf 88' lang='lat' dir='ltr'><strong>malis</strong></span> 
     </span>
     <span class='ocr_line' id='line_1_25' title="bbox 193 1284 1367 1332; baseline 0.001 -13"><span class='ocrx_word' id='word_1_182' title='bbox 193 1284 367 1320; x_wconf 89' lang='lat' dir='ltr'><strong>omnibus</strong></span> <span class='ocrx_word' id='word_1_183' title='bbox 386 1293 572 1332; x_wconf 82' lang='lat' dir='ltr'><strong>urgeatur,</strong></span> <span class='ocrx_word' id='word_1_184' title='bbox 586 1292 628 1321; x_wconf 88' lang='lat' dir='ltr'><strong>ut</strong></span> <span class='ocrx_word' id='word_1_185' title='bbox 644 1286 768 1321; x_wconf 86' lang='lat' dir='ltr'><strong>omnia</strong></span> <span class='ocrx_word' id='word_1_186' title='bbox 786 1286 938 1321; x_wconf 89' lang='lat' dir='ltr'><strong>adversa</strong></span> <span class='ocrx_word' id='word_1_187' title='bbox 958 1284 1030 1320; x_wconf 84' lang='lat' dir='ltr'><strong>sint</strong></span> <span class='ocrx_word' id='word_1_188' title='bbox 1049 1285 1086 1320; x_wconf 87' lang='lat' dir='ltr'><strong>in</strong></span> <span class='ocrx_word' id='word_1_189' title='bbox 1107 1285 1266 1328; x_wconf 88' lang='lat' dir='ltr'><strong>fortuna,</strong></span> <span class='ocrx_word' id='word_1_190' title='bbox 1287 1297 1367 1320; x_wconf 88' lang='lat' dir='ltr'><strong>om-</strong></span> 
     </span>
     <span class='ocr_line' id='line_1_26' title="bbox 193 1337 1369 1386; baseline 0 -13"><span class='ocrx_word' id='word_1_191' title='bbox 193 1337 303 1373; x_wconf 89' lang='lat' dir='ltr'><strong>nibus</strong></span> <span class='ocrx_word' id='word_1_192' title='bbox 334 1350 550 1386; x_wconf 85' lang='lat' dir='ltr'><strong>oppressum</strong></span> <span class='ocrx_word' id='word_1_193' title='bbox 581 1351 713 1386; x_wconf 90' lang='lat' dir='ltr'><strong>corpus</strong></span> <span class='ocrx_word' id='word_1_194' title='bbox 746 1346 782 1374; x_wconf 91' lang='lat' dir='ltr'><strong>et</strong></span> <span class='ocrx_word' id='word_1_195' title='bbox 810 1337 1017 1374; x_wconf 83' lang='lat' dir='ltr'><strong>confectum</strong></span> <span class='ocrx_word' id='word_1_196' title='bbox 1048 1337 1248 1382; x_wconf 85' lang='lat' dir='ltr'><strong>doloribus,</strong></span> <span class='ocrx_word' id='word_1_197' title='bbox 1280 1337 1369 1373; x_wconf 88' lang='lat' dir='ltr'><strong>huic</strong></span> 
     </span>
     <span class='ocr_line' id='line_1_27' title="bbox 192 1390 1368 1437; baseline 0.001 -12"><span class='ocrx_word' id='word_1_198' title='bbox 192 1390 409 1437; x_wconf 90' lang='lat' dir='ltr'><strong>paullumne</strong></span> <span class='ocrx_word' id='word_1_199' title='bbox 435 1391 480 1426; x_wconf 89' lang='lat' dir='ltr'><strong>ad</strong></span> <span class='ocrx_word' id='word_1_200' title='bbox 506 1391 651 1426; x_wconf 85' lang='lat' dir='ltr'><strong>beatam</strong></span> <span class='ocrx_word' id='word_1_201' title='bbox 672 1391 784 1427; x_wconf 88' lang='lat' dir='ltr'><strong>vitam</strong></span> <span class='ocrx_word' id='word_1_202' title='bbox 805 1391 931 1427; x_wconf 87' lang='lat' dir='ltr'><strong>deesse</strong></span> <span class='ocrx_word' id='word_1_203' title='bbox 951 1390 1127 1434; x_wconf 85' lang='lat' dir='ltr'><strong>dicemus,</strong></span> <span class='ocrx_word' id='word_1_204' title='bbox 1157 1403 1230 1426; x_wconf 90' lang='lat' dir='ltr'><strong>non</strong></span> <span class='ocrx_word' id='word_1_205' title='bbox 1257 1391 1368 1427; x_wconf 90' lang='lat' dir='ltr'><strong>modo</strong></span> 
     </span>
     <span class='ocr_line' id='line_1_28' title="bbox 194 1443 540 1479; baseline 0.003 -1"><span class='ocrx_word' id='word_1_206' title='bbox 194 1443 239 1478; x_wconf 90' lang='lat' dir='ltr'><strong>ad</strong></span> <span class='ocrx_word' id='word_1_207' title='bbox 259 1443 509 1479; x_wconf 82' lang='lat' dir='ltr'><strong>beatissimam</strong></span> <span class='ocrx_word' id='word_1_208' title='bbox 526 1443 540 1479; x_wconf 73' lang='grc' dir='ltr'><strong>’ἰ</strong></span> 
     </span>
    </p>

    <p class='ocr_par' dir='ltr' id='par_1_7' title="bbox 194 1495 1369 2338">
     <span class='ocr_line' id='line_1_29' title="bbox 248 1495 1369 1545; baseline 0.001 -14"><span class='ocrx_word' id='word_1_209' title='bbox 248 1495 320 1531; x_wconf 91' lang='grc' dir='ltr'><strong>ΙΧ.</strong></span> <span class='ocrx_word' id='word_1_210' title='bbox 353 1495 436 1532; x_wconf 90' lang='lat' dir='ltr'><strong>Hoc</strong></span> <span class='ocrx_word' id='word_1_211' title='bbox 455 1496 547 1532; x_wconf 90' lang='lat' dir='ltr'><strong>illud</strong></span> <span class='ocrx_word' id='word_1_212' title='bbox 568 1503 635 1540; x_wconf 89' lang='lat' dir='ltr'><strong>est,</strong></span> <span class='ocrx_word' id='word_1_213' title='bbox 656 1497 756 1544; x_wconf 88' lang='lat' dir='ltr'><strong>quod</strong></span> <span class='ocrx_word' id='word_1_214' title='bbox 778 1496 1056 1545; x_wconf 89' lang='lat' dir='ltr'><strong>Theophrastus</strong></span> <span class='ocrx_word' id='word_1_215' title='bbox 1086 1496 1266 1532; x_wconf 86' lang='lat' dir='ltr'><strong>sustinere</strong></span> <span class='ocrx_word' id='word_1_216' title='bbox 1294 1509 1369 1532; x_wconf 89' lang='lat' dir='ltr'><strong>non</strong></span> 
     </span>
     <span class='ocr_line' id='line_1_30' title="bbox 195 1548 1369 1597; baseline 0.003 -14"><span class='ocrx_word' id='word_1_217' title='bbox 195 1548 327 1596; x_wconf 85' lang='lat' dir='ltr'><strong>potuit.</strong></span> <span class='ocrx_word' id='word_1_218' title='bbox 385 1548 480 1584; x_wconf 87' lang='lat' dir='ltr'><strong>Nam</strong></span> <span class='ocrx_word' id='word_1_219' title='bbox 500 1562 616 1597; x_wconf 90' lang='lat' dir='ltr'><strong>quum</strong></span> <span class='ocrx_word' id='word_1_220' title='bbox 646 1550 846 1594; x_wconf 87' lang='lat' dir='ltr'><strong>statuisset,</strong></span> <span class='ocrx_word' id='word_1_221' title='bbox 874 1551 1037 1592; x_wconf 88' lang='lat' dir='ltr'><strong>verbera,</strong></span> <span class='ocrx_word' id='word_1_222' title='bbox 1063 1556 1254 1594; x_wconf 87' lang='lat' dir='ltr'><strong>tormenta,</strong></span> <span class='ocrx_word' id='word_1_223' title='bbox 1285 1562 1369 1586; x_wconf 91' lang='lat' dir='ltr'><strong>cru-</strong></span> 
     </span>
     <span class='ocr_line' id='line_1_31' title="bbox 195 1601 1369 1651; baseline 0.001 -14"><span class='ocrx_word' id='word_1_224' title='bbox 195 1601 323 1645; x_wconf 87' lang='lat' dir='ltr'><strong>ciatus,</strong></span> <span class='ocrx_word' id='word_1_225' title='bbox 345 1602 474 1650; x_wconf 84' lang='lat' dir='ltr'><strong>patriae</strong></span> <span class='ocrx_word' id='word_1_226' title='bbox 494 1603 712 1647; x_wconf 86' lang='lat' dir='ltr'><strong>eversiones,</strong></span> <span class='ocrx_word' id='word_1_227' title='bbox 734 1603 878 1647; x_wconf 86' lang='lat' dir='ltr'><strong>exsilia,</strong></span> <span class='ocrx_word' id='word_1_228' title='bbox 904 1604 1078 1640; x_wconf 87' lang='lat' dir='ltr'><strong>orbitates</strong></span> <span class='ocrx_word' id='word_1_229' title='bbox 1105 1615 1275 1651; x_wconf 84' lang='lat' dir='ltr'><strong>magnam</strong></span> <span class='ocrx_word' id='word_1_230' title='bbox 1296 1602 1369 1638; x_wconf 71' lang='lat' dir='ltr'><strong>vim</strong></span> 
     </span>
     <span class='ocr_line' id='line_1_32' title="bbox 194 1654 1369 1704; baseline 0 -14"><span class='ocrx_word' id='word_1_231' title='bbox 194 1654 328 1691; x_wconf 89' lang='lat' dir='ltr'><strong>habere</strong></span> <span class='ocrx_word' id='word_1_232' title='bbox 361 1655 406 1690; x_wconf 91' lang='lat' dir='ltr'><strong>ad</strong></span> <span class='ocrx_word' id='word_1_233' title='bbox 438 1655 533 1691; x_wconf 88' lang='lat' dir='ltr'><strong>male</strong></span> <span class='ocrx_word' id='word_1_234' title='bbox 565 1655 771 1704; x_wconf 86' lang='lat' dir='ltr'><strong>misereque</strong></span> <span class='ocrx_word' id='word_1_235' title='bbox 804 1657 1020 1698; x_wconf 84' lang='lat' dir='ltr'><strong>vivendum,</strong></span> <span class='ocrx_word' id='word_1_236' title='bbox 1057 1669 1132 1691; x_wconf 89' lang='lat' dir='ltr'><strong>non</strong></span> <span class='ocrx_word' id='word_1_237' title='bbox 1168 1663 1224 1692; x_wconf 89' lang='lat' dir='ltr'><strong>est</strong></span> <span class='ocrx_word' id='word_1_238' title='bbox 1255 1668 1369 1692; x_wconf 88' lang='lat' dir='ltr'><strong>ausus</strong></span> 
     </span>
     <span class='ocr_line' id='line_1_33' title="bbox 195 1707 1368 1757; baseline 0.001 -14"><span class='ocrx_word' id='word_1_239' title='bbox 195 1707 290 1744; x_wconf 90' lang='lat' dir='ltr'><strong>elate</strong></span> <span class='ocrx_word' id='word_1_240' title='bbox 319 1714 355 1743; x_wconf 92' lang='lat' dir='ltr'><strong>et</strong></span> <span class='ocrx_word' id='word_1_241' title='bbox 384 1708 504 1756; x_wconf 86' lang='lat' dir='ltr'><strong>ample</strong></span> <span class='ocrx_word' id='word_1_242' title='bbox 532 1708 648 1756; x_wconf 88' lang='lat' dir='ltr'><strong>loqui,</strong></span> <span class='ocrx_word' id='word_1_243' title='bbox 669 1722 786 1757; x_wconf 88' lang='lat' dir='ltr'><strong>quum</strong></span> <span class='ocrx_word' id='word_1_244' title='bbox 814 1709 1004 1745; x_wconf 89' lang='lat' dir='ltr'><strong>humiliter</strong></span> <span class='ocrx_word' id='word_1_245' title='bbox 1023 1709 1255 1756; x_wconf 88' lang='lat' dir='ltr'><strong>demisseque</strong></span> <span class='ocrx_word' id='word_1_246' title='bbox 1284 1721 1368 1744; x_wconf 90' lang='lat' dir='ltr'><strong>sen-</strong></span> 
     </span>
     <span class='ocr_line' id='line_1_34' title="bbox 195 1760 1368 1810; baseline 0.001 -14"><span class='ocrx_word' id='word_1_247' title='bbox 195 1760 292 1796; x_wconf 89' lang='lat' dir='ltr'><strong>tiret.</strong></span> <span class='ocrx_word' id='word_1_248' title='bbox 350 1761 473 1799; x_wconf 82' lang='lat' dir='ltr'><strong>Quam</strong></span> <span class='ocrx_word' id='word_1_249' title='bbox 503 1762 609 1804; x_wconf 83' lang='lat' dir='ltr'><strong>bene,</strong></span> <span class='ocrx_word' id='word_1_250' title='bbox 639 1775 713 1798; x_wconf 92' lang='lat' dir='ltr'><strong>non</strong></span> <span class='ocrx_word' id='word_1_251' title='bbox 741 1763 942 1810; x_wconf 87' lang='lat' dir='ltr'><strong>quaeritur;</strong></span> <span class='ocrx_word' id='word_1_252' title='bbox 979 1768 1190 1798; x_wconf 84' lang='lat' dir='ltr'><strong>constanter</strong></span> <span class='ocrx_word' id='word_1_253' title='bbox 1218 1762 1368 1809; x_wconf 88' lang='lat' dir='ltr'><strong>quidem</strong></span> 
     </span>
     <span class='ocr_line' id='line_1_35' title="bbox 196 1813 1368 1863; baseline 0.002 -15"><span class='ocrx_word' id='word_1_254' title='bbox 196 1820 304 1849; x_wconf 87' lang='lat' dir='ltr'><strong>certe.</strong></span> <span class='ocrx_word' id='word_1_255' title='bbox 363 1813 496 1861; x_wconf 88' lang='lat' dir='ltr'><strong>Itaque</strong></span> <span class='ocrx_word' id='word_1_256' title='bbox 525 1814 614 1850; x_wconf 85' lang='lat' dir='ltr'><strong>mihi</strong></span> <span class='ocrx_word' id='word_1_257' title='bbox 640 1816 783 1863; x_wconf 87' lang='lat' dir='ltr'><strong>placere</strong></span> <span class='ocrx_word' id='word_1_258' title='bbox 802 1828 875 1851; x_wconf 92' lang='lat' dir='ltr'><strong>non</strong></span> <span class='ocrx_word' id='word_1_259' title='bbox 901 1816 994 1851; x_wconf 91' lang='lat' dir='ltr'><strong>solet</strong></span> <span class='ocrx_word' id='word_1_260' title='bbox 1019 1815 1284 1863; x_wconf 86' lang='lat' dir='ltr'><strong>consequentia</strong></span> <span class='ocrx_word' id='word_1_261' title='bbox 1310 1827 1368 1850; x_wconf 89' lang='lat' dir='ltr'><strong>re-</strong></span> 
     </span>
     <span class='ocr_line' id='line_1_36' title="bbox 195 1866 1368 1916; baseline 0.002 -15"><span class='ocrx_word' id='word_1_262' title='bbox 195 1866 433 1913; x_wconf 88' lang='lat' dir='ltr'><strong>prehendere,</strong></span> <span class='ocrx_word' id='word_1_263' title='bbox 460 1879 574 1915; x_wconf 90' lang='lat' dir='ltr'><strong>quum</strong></span> <span class='ocrx_word' id='word_1_264' title='bbox 604 1868 722 1916; x_wconf 84' lang='lat' dir='ltr'><strong>prima</strong></span> <span class='ocrx_word' id='word_1_265' title='bbox 750 1869 982 1905; x_wconf 88' lang='lat' dir='ltr'><strong>concesseris.</strong></span> <span class='ocrx_word' id='word_1_266' title='bbox 1043 1868 1114 1904; x_wconf 83' lang='lat' dir='ltr'><strong>Hie</strong></span> <span class='ocrx_word' id='word_1_267' title='bbox 1142 1875 1266 1904; x_wconf 88' lang='lat' dir='ltr'><strong>autem</strong></span> <span class='ocrx_word' id='word_1_268' title='bbox 1295 1867 1368 1904; x_wconf 89' lang='lat' dir='ltr'><strong>ele-</strong></span> 
     </span>
     <span class='ocr_line' id='line_1_37' title="bbox 195 1918 1368 1970; baseline 0.003 -17"><span class='ocrx_word' id='word_1_269' title='bbox 195 1918 434 1967; x_wconf 86' lang='lat' dir='ltr'><strong>gantissimus</strong></span> <span class='ocrx_word' id='word_1_270' title='bbox 450 1920 617 1956; x_wconf 87' lang='lat' dir='ltr'><strong>omnium</strong></span> <span class='ocrx_word' id='word_1_271' title='bbox 634 1920 937 1970; x_wconf 87' lang='lat' dir='ltr'><strong>philosophorum</strong></span> <span class='ocrx_word' id='word_1_272' title='bbox 955 1928 990 1958; x_wconf 82' lang='lat' dir='ltr'><strong>et</strong></span> <span class='ocrx_word' id='word_1_273' title='bbox 1006 1921 1275 1957; x_wconf 88' lang='lat' dir='ltr'><strong>eruditissimus</strong></span> <span class='ocrx_word' id='word_1_274' title='bbox 1294 1933 1368 1957; x_wconf 91' lang='lat' dir='ltr'><strong>non</strong></span> 
     </span>
     <span class='ocr_line' id='line_1_38' title="bbox 197 1973 1366 2022; baseline 0.002 -15"><span class='ocrx_word' id='word_1_275' title='bbox 197 1983 330 2019; x_wconf 88' lang='lat' dir='ltr'><strong>magno</strong></span> <span class='ocrx_word' id='word_1_276' title='bbox 346 1985 453 2020; x_wconf 88' lang='lat' dir='ltr'><strong>opere</strong></span> <span class='ocrx_word' id='word_1_277' title='bbox 470 1973 757 2021; x_wconf 85' lang='lat' dir='ltr'><strong>reprehenditur,</strong></span> <span class='ocrx_word' id='word_1_278' title='bbox 776 1987 894 2022; x_wconf 89' lang='lat' dir='ltr'><strong>quum</strong></span> <span class='ocrx_word' id='word_1_279' title='bbox 914 1975 983 2010; x_wconf 89' lang='lat' dir='ltr'><strong>tria</strong></span> <span class='ocrx_word' id='word_1_280' title='bbox 1001 1987 1133 2022; x_wconf 87' lang='lat' dir='ltr'><strong>genera</strong></span> <span class='ocrx_word' id='word_1_281' title='bbox 1149 1974 1239 2010; x_wconf 88' lang='lat' dir='ltr'><strong>dicit</strong></span> <span class='ocrx_word' id='word_1_282' title='bbox 1253 1975 1366 2010; x_wconf 90' lang='lat' dir='ltr'><strong>bono-</strong></span> 
     </span>
     <span class='ocr_line' id='line_1_39' title="bbox 195 2027 1366 2076; baseline 0.003 -17"><span class='ocrx_word' id='word_1_283' title='bbox 195 2037 301 2068; x_wconf 88' lang='lat' dir='ltr'><strong>rum;</strong></span> <span class='ocrx_word' id='word_1_284' title='bbox 334 2031 493 2061; x_wconf 83' lang='lat' dir='ltr'><strong>vexatur</strong></span> <span class='ocrx_word' id='word_1_285' title='bbox 511 2032 634 2061; x_wconf 90' lang='lat' dir='ltr'><strong>autem</strong></span> <span class='ocrx_word' id='word_1_286' title='bbox 659 2027 705 2062; x_wconf 90' lang='lat' dir='ltr'><strong>ab</strong></span> <span class='ocrx_word' id='word_1_287' title='bbox 733 2027 906 2063; x_wconf 88' lang='lat' dir='ltr'><strong>omnibus</strong></span> <span class='ocrx_word' id='word_1_288' title='bbox 936 2028 1096 2076; x_wconf 87' lang='lat' dir='ltr'><strong>primum</strong></span> <span class='ocrx_word' id='word_1_289' title='bbox 1125 2028 1160 2062; x_wconf 92' lang='lat' dir='ltr'><strong>in</strong></span> <span class='ocrx_word' id='word_1_290' title='bbox 1191 2039 1234 2062; x_wconf 91' lang='lat' dir='ltr'><strong>eo</strong></span> <span class='ocrx_word' id='word_1_291' title='bbox 1260 2027 1366 2070; x_wconf 82' lang='lat' dir='ltr'><strong>libre,</strong></span> 
     </span>
     <span class='ocr_line' id='line_1_40' title="bbox 196 2078 1367 2128; baseline 0.002 -16"><span class='ocrx_word' id='word_1_292' title='bbox 196 2088 306 2124; x_wconf 89' lang='lat' dir='ltr'><strong>quem</strong></span> <span class='ocrx_word' id='word_1_293' title='bbox 341 2078 486 2126; x_wconf 86' lang='lat' dir='ltr'><strong>scripsit</strong></span> <span class='ocrx_word' id='word_1_294' title='bbox 522 2079 566 2114; x_wconf 87' lang='lat' dir='ltr'><strong>de</strong></span> <span class='ocrx_word' id='word_1_295' title='bbox 605 2079 679 2114; x_wconf 77' lang='lat' dir='ltr'><strong>vita</strong></span> <span class='ocrx_word' id='word_1_296' title='bbox 712 2080 831 2124; x_wconf 85' lang='lat' dir='ltr'><strong>beata,</strong></span> <span class='ocrx_word' id='word_1_297' title='bbox 862 2081 899 2116; x_wconf 90' lang='lat' dir='ltr'><strong>in</strong></span> <span class='ocrx_word' id='word_1_298' title='bbox 935 2093 1009 2128; x_wconf 91' lang='lat' dir='ltr'><strong>quo</strong></span> <span class='ocrx_word' id='word_1_299' title='bbox 1042 2080 1159 2116; x_wconf 87' lang='lat' dir='ltr'><strong>multa</strong></span> <span class='ocrx_word' id='word_1_300' title='bbox 1191 2080 1367 2127; x_wconf 87' lang='lat' dir='ltr'><strong>disputat,</strong></span> 
     </span>
     <span class='ocr_line' id='line_1_41' title="bbox 196 2131 1368 2182; baseline 0.003 -17"><span class='ocrx_word' id='word_1_301' title='bbox 196 2141 307 2176; x_wconf 86' lang='lat' dir='ltr'><strong>quam</strong></span> <span class='ocrx_word' id='word_1_302' title='bbox 337 2131 383 2166; x_wconf 93' lang='lat' dir='ltr'><strong>ob</strong></span> <span class='ocrx_word' id='word_1_303' title='bbox 413 2144 487 2167; x_wconf 89' lang='lat' dir='ltr'><strong>rem</strong></span> <span class='ocrx_word' id='word_1_304' title='bbox 516 2131 559 2174; x_wconf 89' lang='lat' dir='ltr'><strong>is,</strong></span> <span class='ocrx_word' id='word_1_305' title='bbox 586 2132 648 2179; x_wconf 91' lang='lat' dir='ltr'><strong>qui</strong></span> <span class='ocrx_word' id='word_1_306' title='bbox 680 2138 904 2180; x_wconf 88' lang='lat' dir='ltr'><strong>torqueatur,</strong></span> <span class='ocrx_word' id='word_1_307' title='bbox 926 2134 991 2182; x_wconf 91' lang='lat' dir='ltr'><strong>qui</strong></span> <span class='ocrx_word' id='word_1_308' title='bbox 1019 2133 1210 2176; x_wconf 88' lang='lat' dir='ltr'><strong>crucietur,</strong></span> <span class='ocrx_word' id='word_1_309' title='bbox 1237 2133 1368 2168; x_wconf 86' lang='lat' dir='ltr'><strong>beatus</strong></span> 
     </span>
     <span class='ocr_line' id='line_1_42' title="bbox 196 2184 1367 2235; baseline 0.003 -18"><span class='ocrx_word' id='word_1_310' title='bbox 196 2194 276 2218; x_wconf 87' lang='lat' dir='ltr'><strong>esse</strong></span> <span class='ocrx_word' id='word_1_311' title='bbox 302 2195 378 2218; x_wconf 90' lang='lat' dir='ltr'><strong>non</strong></span> <span class='ocrx_word' id='word_1_312' title='bbox 405 2184 543 2231; x_wconf 78' lang='lat' dir='ltr'><strong>possit3</strong></span> <span class='ocrx_word' id='word_1_313' title='bbox 574 2184 612 2220; x_wconf 90' lang='lat' dir='ltr'><strong>in</strong></span> <span class='ocrx_word' id='word_1_314' title='bbox 640 2197 682 2220; x_wconf 89' lang='lat' dir='ltr'><strong>eo</strong></span> <span class='ocrx_word' id='word_1_315' title='bbox 711 2186 821 2221; x_wconf 85' lang='lat' dir='ltr'><strong>etiam</strong></span> <span class='ocrx_word' id='word_1_316' title='bbox 848 2193 1002 2235; x_wconf 88' lang='lat' dir='ltr'><strong>putatur</strong></span> <span class='ocrx_word' id='word_1_317' title='bbox 1026 2186 1155 2229; x_wconf 89' lang='lat' dir='ltr'><strong>dicere,</strong></span> <span class='ocrx_word' id='word_1_318' title='bbox 1186 2186 1222 2220; x_wconf 90' lang='lat' dir='ltr'><strong>in</strong></span> <span class='ocrx_word' id='word_1_319' title='bbox 1251 2192 1367 2220; x_wconf 88' lang='lat' dir='ltr'><strong>rotam</strong></span> 
     </span>
     <span class='ocr_line' id='line_1_43' title="bbox 195 2235 1367 2286; baseline 0.003 -16"><span class='ocrx_word' id='word_1_320' title='bbox 195 2235 339 2270; x_wconf 86' lang='lat' dir='ltr'><strong>beatam</strong></span> <span class='ocrx_word' id='word_1_321' title='bbox 361 2237 472 2272; x_wconf 83' lang='lat' dir='ltr'><strong>vitam</strong></span> <span class='ocrx_word' id='word_1_322' title='bbox 500 2249 573 2273; x_wconf 92' lang='lat' dir='ltr'><strong>non</strong></span> <span class='ocrx_word' id='word_1_323' title='bbox 599 2239 806 2274; x_wconf 89' lang='lat' dir='ltr'><strong>escendere.</strong></span> <span class='ocrx_word' id='word_1_324' title='bbox 865 2239 951 2275; x_wconf 92' lang='lat' dir='ltr'><strong>Non</strong></span> <span class='ocrx_word' id='word_1_325' title='bbox 978 2251 1136 2286; x_wconf 89' lang='lat' dir='ltr'><strong>usquam</strong></span> <span class='ocrx_word' id='word_1_326' title='bbox 1161 2238 1198 2274; x_wconf 88' lang='lat' dir='ltr'><strong>id</strong></span> <span class='ocrx_word' id='word_1_327' title='bbox 1218 2238 1367 2286; x_wconf 90' lang='lat' dir='ltr'><strong>quidem</strong></span> 
     </span>
     <span class='ocr_line' id='line_1_44' title="bbox 195 2287 1082 2338; baseline 0.006 -16"><span class='ocrx_word' id='word_1_328' title='bbox 195 2287 283 2323; x_wconf 90' lang='lat' dir='ltr'><strong>dicit</strong></span> <span class='ocrx_word' id='word_1_329' title='bbox 302 2288 475 2333; x_wconf 89' lang='lat' dir='ltr'><strong>omnino;</strong></span> <span class='ocrx_word' id='word_1_330' title='bbox 507 2290 583 2333; x_wconf 92' lang='lat' dir='ltr'><strong>sed,</strong></span> <span class='ocrx_word' id='word_1_331' title='bbox 601 2303 687 2338; x_wconf 85' lang='lat' dir='ltr'><strong>quae</strong></span> <span class='ocrx_word' id='word_1_332' title='bbox 707 2291 807 2334; x_wconf 88' lang='lat' dir='ltr'><strong>dicit,</strong></span> <span class='ocrx_word' id='word_1_333' title='bbox 827 2292 925 2327; x_wconf 88' lang='lat' dir='ltr'><strong>idem</strong></span> <span class='ocrx_word' id='word_1_334' title='bbox 947 2292 1082 2328; x_wconf 92' lang='lat' dir='ltr'><strong>valent.</strong></span> 
     </span>
    </p>

    <p class='ocr_par' dir='ltr' id='par_1_8' title="bbox 195 2340 1370 2445">
     <span class='ocr_line' id='line_1_45' title="bbox 248 2340 1369 2390; baseline 0.004 -15"><span class='ocrx_word' id='word_1_335' title='bbox 248 2340 406 2376; x_wconf 86' lang='lat' dir='ltr'><strong>Possum</strong></span> <span class='ocrx_word' id='word_1_336' title='bbox 427 2342 549 2390; x_wconf 84' lang='lat' dir='ltr'><strong>igitur,</strong></span> <span class='ocrx_word' id='word_1_337' title='bbox 571 2344 629 2379; x_wconf 90' lang='lat' dir='ltr'><strong>cui</strong></span> <span class='ocrx_word' id='word_1_338' title='bbox 657 2345 912 2388; x_wconf 88' lang='lat' dir='ltr'><strong>concesserim,</strong></span> <span class='ocrx_word' id='word_1_339' title='bbox 928 2345 966 2380; x_wconf 87' lang='lat' dir='ltr'><strong>in</strong></span> <span class='ocrx_word' id='word_1_340' title='bbox 996 2344 1102 2380; x_wconf 88' lang='lat' dir='ltr'><strong>malis</strong></span> <span class='ocrx_word' id='word_1_341' title='bbox 1128 2356 1205 2379; x_wconf 86' lang='lat' dir='ltr'><strong>esse</strong></span> <span class='ocrx_word' id='word_1_342' title='bbox 1226 2343 1369 2380; x_wconf 92' lang='lat' dir='ltr'><strong>dolores</strong></span> 
     </span>
     <span class='ocr_line' id='line_1_46' title="bbox 195 2393 1370 2445; baseline 0.001 -13"><span class='ocrx_word' id='word_1_343' title='bbox 195 2393 368 2442; x_wconf 78' lang='lat' dir='ltr'><strong>corporiS‚</strong></span> <span class='ocrx_word' id='word_1_344' title='bbox 399 2394 436 2430; x_wconf 92' lang='lat' dir='ltr'><strong>in</strong></span> <span class='ocrx_word' id='word_1_345' title='bbox 471 2395 578 2432; x_wconf 87' lang='lat' dir='ltr'><strong>malis</strong></span> <span class='ocrx_word' id='word_1_346' title='bbox 612 2396 801 2445; x_wconf 89' lang='lat' dir='ltr'><strong>naufragia</strong></span> <span class='ocrx_word' id='word_1_347' title='bbox 834 2397 1007 2442; x_wconf 85' lang='lat' dir='ltr'><strong>fortunae,</strong></span> <span class='ocrx_word' id='word_1_348' title='bbox 1037 2397 1122 2433; x_wconf 89' lang='lat' dir='ltr'><strong>huic</strong></span> <span class='ocrx_word' id='word_1_349' title='bbox 1155 2409 1370 2433; x_wconf 87' lang='lat' dir='ltr'><strong>succensere</strong></span> 
     </span>
    </p>
   </div>
  </div>
 </body>
</html>
