1471 2585
186 98 261 133 114
501 110 704 135 TUSCULAN
736 110 1036 137 DISPUTATIONS.
1178 97 1370 150 [68—70.

181 203 262 239 fieri
296 216 502 251 numquam
539 217 659 252 posse,
698 205 896 242 elationem
935 219 1059 255 posse.
1117 207 1239 244 Aliter
1270 208 1369 245 enim

182 257 388 293 Naevianus
408 257 470 292 ille
488 259 628 305 gaudet
650 258 789 296 Hector
806 274 815 297 ε

225 325 345 356 Laetus
360 336 431 356 sum
448 325 574 356 laudari
588 336 641 356 me
656 327 715 358 abs
730 331 773 366 te,
789 330 894 369 pater,
909 338 929 359 a
943 328 1075 360 laudans
1090 329 1160 360 viro
1175 339 1184 368 ;

182 386 287 423 aliter
306 387 367 423 ille
388 387 487 435 apud
507 387 714 426 Trabeam:

224 460 314 490 Lena
329 461 471 491 delenita
486 465 621 502 argento
637 463 753 492 mitum
769 463 958 493 observabit
974 473 1095 502 meum,

224 504 311 539 Quid
328 504 435 542 velim,
451 504 528 544 quid
543 505 714 543 studeam3
729 506 904 535 adveniens
917 506 1018 545 digito
1031 506 1194 546 impellam
1210 506 1370 548 januam3

224 546 325 577 Fores
342 548 508 587 patebunt.
553 547 602 578 De
619 549 794 587 improviso
812 548 944 587 Chrysis
960 549 1015 579 ubi
1031 559 1082 579 me
1099 549 1298 589 adspexerit,

221 587 359 620 'Alacris
375 590 504 620 obviam
520 590 599 620 mihi
616 591 734 630 veniet,
750 592 958 631 complexum
977 595 1136 632 exoptans
1151 602 1260 622 meum
1274 602 1283 631 3

223 632 309 663 Mihi
325 643 358 663 se
375 633 480 664 dedet.

180 699 306 738 Quam
325 698 406 735 haec
424 699 579 747 pulchra
597 706 716 748 putet,
737 700 814 749 ipse
830 701 909 749 jam
929 701 1047 739 dicet:

435 773 615 804 F6rtunam
631 774 735 814 ipsam
750 775 881 805 anteibo
897 774 1038 805 fortunis
1054 774 1144 806 meis.

122 842 160 872 68
231 838 407 875 XXXII.
440 840 536 876 Haec
556 840 689 876 laetitia
709 853 822 888 quam
852 841 970 889 turpis
999 841 1059 884 sit,
1080 841 1169 877 satis
1198 847 1253 877 est
1282 841 1366 878 dili-

178 898 306 941 genter
323 893 575 929 attendentem
595 894 745 942 penitus
766 894 904 931 videre.
963 894 1014 930 Et
1042 902 1084 931 ut
1107 901 1234 942 turpes
1265 901 1364 939 sunt,

178 945 244 993 qui
263 946 420 982 efferunt
439 960 477 982 se
497 947 628 982 laetitia
649 954 741 991 tum,
763 960 880 996 quum
907 948 1082 984 fruuntur
1099 947 1278 984 Venereis
1299 960 1365 984 vo-

176 999 384 1047 luptatibus
404 1013 411 1036 :
443 1001 494 1036 sic
513 1000 700 1048 flagitiosi,
724 1001 789 1049 qui
809 1014 869 1037 eas
889 1001 1119 1037 inflammato
1136 1001 1260 1037 animo
1276 1013 1365 1037 con·

177 1053 385 1101 cupiscunt,
444 1054 563 1089 Totus
583 1066 670 1090 vero
691 1054 772 1099 iste,
794 1054 859 1102 qui
880 1054 994 1102 vulgo
1025 1054 1235 1102 appellatur
1263 1067 1366 1090 amor

180 1105 264 1151 (nec
283 1106 432 1142 hercule
451 1107 614 1151 invenio,
637 1119 710 1154 quo
731 1107 882 1144 nomine
909 1108 979 1143 alio
1009 1108 1127 1155 possit
1155 1107 1364 1156 appellari),

177 1165 292 1195 tantae
321 1159 484 1195 levitatis
504 1167 572 1202 est,
590 1166 634 1196 ut
662 1160 756 1196 nihil
784 1161 944 1205 videam,
966 1162 1067 1210 quod
1086 1167 1215 1209 putem
1239 1161 1363 1198 confe-

176 1213 349 1248 rendum.
408 1213 531 1252 Quem
555 1213 731 1250 Caecilius

446 1289 544 1320 deum
561 1290 616 1330 qui
631 1300 695 1320 non
711 1292 875 1320 summum
891 1293 994 1330 putet,

262 1332 330 1360 Aut
345 1332 483 1362 stultum
498 1337 554 1363 aut
570 1343 680 1363 rerum
696 1343 767 1363 esse
783 1333 971 1372 imperitum
987 1333 1153 1363 existimat
1170 1345 1177 1364 :

263 1373 322 1404 Cui
338 1375 371 1403 in
388 1385 485 1404 mauu
501 1376 554 1414 sit,
569 1386 667 1415 quem
684 1379 752 1406 e'sse
768 1376 953 1406 dementem
970 1377 1059 1414 velit,

262 1416 367 1452 Quem
383 1420 507 1457 sapere,
523 1429 619 1458 quem
636 1419 789 1456 insanire,
807 1429 902 1458 quem
918 1419 951 1448 in
967 1420 1117 1449 morbum
1135 1420 1235 1460 injici,

262 1459 367 1495 Quem
383 1463 497 1491 contra
512 1462 626 1500 amari,
642 1472 736 1502 quem
756 1462 875 1502 expeti,
890 1472 987 1501 quem
1003 1462 1170 1493 arcessier.

119 1540 158 1571 69
178 1531 212 1568 Ο
232 1533 447 1580 praeclaram
476 1534 761 1570 emendatricem
790 1533 892 1576 vitae,
914 1533 1120 1582 poeticam!
1152 1547 1238 1583 quae
1259 1547 1362 1571 amo-

175 1598 265 1630 rem,
299 1586 430 1634 flagitii
463 1594 499 1623 et
528 1587 694 1623 levitatis
724 1593 926 1631 auctorem,
955 1587 992 1623 in
1027 1588 1182 1624 concilio
1208 1588 1363 1624 deorum

176 1639 434 1676 collocandum
463 1647 583 1689 putet.
642 1641 700 1677 De
729 1640 913 1677 comoedia
940 1640 1083 1688 loquor,
1105 1654 1203 1689 quae,
1225 1641 1255 1677 si
1281 1641 1362 1678 haec

175 1691 316 1741 flagitia
336 1706 409 1729 non
431 1695 683 1742 probaremuS,
704 1694 809 1730 nulla
828 1700 925 1730 esset
953 1694 1118 1730 omnino.
1178 1694 1282 1733 Quid
1310 1694 1362 1731 ait

176 1757 224 1782 ex
246 1747 427 1795 tragoedia
444 1747 615 1796 princeps
634 1747 696 1783 ille
712 1746 1042 1796 Argonautarum?

262 1821 310 1852 Tu
327 1832 379 1852 me
395 1824 514 1853 amoris
529 1823 644 1863 magis,
660 1833 755 1863 quam
773 1822 905 1853 honoris
919 1822 1093 1853 servavisti
1108 1822 1224 1863 gratia.

176 1894 279 1934 Quid
298 1895 410 1943 ergo?
441 1896 500 1932 hic
529 1909 630 1933 amor
660 1897 807 1932 Medeae
836 1902 976 1944 quanta
1003 1896 1235 1933 miseriarum
1254 1895 1359 1932 exci-

175 1948 268 1984 tavit
301 1949 494 1985 incendia!
554 1950 680 1998 Atque
710 1963 753 1986 ea
785 1958 909 1986 tamen
940 1950 1040 1997 apud
1074 1950 1187 1985 alium
1210 1956 1358 1997 poetam

174 2002 270 2049 patri
290 2002 409 2038 dicere
429 2002 554 2046 audet,
575 2016 614 2038 se
634 2003 831 2053 conjugem
851 2003 1026 2038 habuisse

256 2072 372 2111 'Illum,
398 2076 501 2105 Amor
524 2085 620 2115 quem
642 2075 787 2115 dederat,
810 2076 866 2116 qui
890 2075 962 2116 plus
988 2075 1088 2115 pollet
1114 2074 1282 2114 potiorque
1310 2077 1359 2106 est

301 2122 405 2157 patre.

118 2182 157 2213 70
227 2180 426 2218 XXXIII.
458 2182 530 2218 Sed
551 2188 678 2230 poetas
698 2182 824 2218 ludere
844 2182 1020 2224 sinamus,
1042 2192 1201 2229 quorum
1220 2180 1357 2217 fabulis

174 2233 213 2270 in
233 2234 302 2270 hoc
321 2235 460 2282 flagitio
482 2234 616 2270 versari
632 2235 756 2283 ipsum
775 2235 943 2270 videmus
958 2235 1103 2270 Jovem.
1140 2234 1201 2269 Ad
1218 2234 1356 2282 magis-

174 2293 251 2323 tros
271 2287 430 2332 virtutis,
452 2287 704 2336 philosophos,
727 2288 931 2331 veniamus,
953 2287 1017 2335 qui
1036 2299 1197 2322 amorem
1217 2294 1357 2336 negant

175 2340 293 2388 stupri
313 2353 392 2376 esse
413 2349 449 2377 et
477 2341 514 2376 in
544 2354 586 2377 eo
615 2340 763 2388 litigant
782 2353 866 2377 cum
888 2340 1063 2388 Epicuro,
1085 2352 1158 2375 11011
1179 2340 1356 2384 multum,

174 2399 216 2430 ut
235 2393 359 2442 opinIO
379 2406 458 2430 mea
477 2394 557 2439 fert,
579 2394 796 2432 mentiente.
853 2394 949 2433 Quis
969 2399 1025 2429 est
1044 2393 1143 2429 enim
1162 2393 1230 2429 iste
1253 2406 1357 2430 amor
