1471 2585
47 97 240 146 32—34.]
400 108 506 133 BOOK
537 107 578 132 11.
602 106 720 132 CHAP.
745 96 804 138 13,
832 97 892 132 14.
1186 99 1232 133 51

50 205 140 241 dum
160 203 332 253 dignitaS‚
353 203 443 239 dum
463 204 576 239 decus
596 202 725 246 aderit,
746 208 861 251 tuque
884 202 921 238 in
951 215 994 238 ea
1021 202 1171 239 intuens
1199 210 1236 239 te

50 258 282 305 continebis:
312 258 419 293 cedet
453 259 617 305 profecto
651 257 781 292 virtuti
811 257 916 292 dolor
952 264 990 292 et
1026 257 1138 291 animi
1177 257 1235 292 in-

49 312 223 347 ductione
252 311 482 358 languescet.
539 311 620 346 Aut
649 310 748 346 enim
779 310 884 346 nulla
918 310 1035 345 virtus
1068 317 1136 354 est,
1171 317 1236 347 aut

51 365 344 401 contemnendus
380 364 500 400 omnis
537 364 653 400 dolor.
719 363 1010 399 Prudentiamne
1049 363 1104 398 vis
1141 376 1233 407 esse,

48 418 129 454 sine
149 430 222 465 qua
241 430 287 453 ne
306 417 467 466 intelligi
496 417 647 466 quidem
674 417 751 453 ulla
780 417 896 452 virtus
925 417 1074 465 potest?
1132 417 1236 456 Quid

50 484 135 520 ergo
151 471 166 507 ’ἓ
187 484 230 507 ea
248 471 458 519 patieturne
476 479 509 507 te
523 472 722 519 quicquam
738 470 856 506 faeere
872 471 966 506 nihil
979 470 1234 518 proficientem

50 531 88 561 et
118 524 381 560 laborantem?
438 525 499 560 An
529 524 774 572 temperantia
802 524 897 559 sinet
926 531 961 559 te
994 524 1235 561 immoderate

49 577 166 615 facere
202 578 429 626 quicquam?
464 591 511 614 an
548 578 619 614 coli
650 577 797 626 justitia
832 577 967 625 poterit
1002 578 1048 613 ab
1085 577 1234 615 homine

49 638 199 680 propter
218 632 292 667 vim
312 631 449 668 doloris
469 632 688 668 enuntiante
709 631 916 674 commissa,
938 632 1116 679 prodente
1145 644 1233 667 con·-

49 685 157 727 scios,
178 685 299 721 multa
319 685 437 721 officia
455 685 718 733 relinquente?
776 684 875 723 Quid
892 684 905 719 ἲ
935 685 1143 720 fortitudini
1171 698 1233 721 co-
1253 689 1293 718 32

49 739 280 787 mitibusque
300 739 393 787 eJus‚
412 738 662 787 magnitudini
681 738 808 782 animi,
825 737 1009 786 gravitati,
1032 739 1233 785 patientiae,

49 804 172 828 rerum
192 792 439 829 humanarum
459 792 724 840 despicientiae,
740 804 815 840 quo
836 792 946 827 modo
967 792 1232 839 respondebis?

49 845 273 882 Afflictusne
287 846 460 895 etjacens
473 854 510 882 et
521 846 751 882 lamentabili
765 858 852 881 voce
869 845 1065 893 deplorans
1082 846 1209 881 audies
1225 859 1232 882 :

53 899 86 935 O
102 901 218 936 virum
229 901 363 948 sortem
381 901 398 936 ?
445 901 498 936 Te
519 913 606 936 vero
621 900 673 935 ita
688 899 860 935 effectum
880 911 925 933 ne
946 899 1066 934 virum
1084 899 1234 947 quidem

49 953 247 1001 quisquam
275 953 427 991 dixerit.
484 953 702 990 Amittenda
732 953 846 1001 igitur
877 952 1055 988 fortitudo
1087 960 1144 988 est
1170 959 1235 989 aut

48 1007 282 1055 sepeliendus
302 1007 419 1044 dolor.

104 1060 216 1097 XIV.
247 1061 395 1109 Ecquid
425 1061 495 1097 scis
526 1061 652 1109 igitur,
683 1060 712 1096 si
740 1060 830 1108 quid
861 1060 906 1095 de
933 1059 1135 1095 Corinthiis
1159 1059 1234 1095 tuis

50 1114 227 1156 amiseris,
250 1127 356 1162 posse
377 1115 510 1150 habere
530 1122 565 1150 te
584 1114 765 1161 reliquam
780 1113 1049 1161 supellectilem
1067 1113 1205 1149 salvam
1222 1128 1230 1157 ;

51 1167 225 1203 virtutem
246 1173 369 1203 autem
391 1168 421 1203 si
440 1180 552 1210 unam
573 1167 738 1203 amiseris
758 1167 847 1214 (etsi
867 1166 987 1201 amitti
1015 1179 1090 1201 non
1111 1173 1235 1214 potest

49 1218 201 1268 virtus),
235 1221 298 1256 sed
329 1221 360 1256 si
389 1234 502 1257 unam
537 1221 728 1256 confessus
759 1220 871 1256 fueris
908 1226 944 1256 te
981 1232 1056 1255 non
1087 1220 1232 1263 habere,

49 1274 192 1310 nullam
221 1287 300 1310 esse
329 1281 364 1310 te
393 1274 637 1310 habiturum?
694 1273 796 1310 Num
816 1274 930 1321 igitur
948 1273 1079 1308 fortem
1102 1273 1232 1318 virum,
1253 1276 1292 1304 33

48 1339 141 1363 num
170 1340 304 1376 magno
333 1328 468 1372 animo,
489 1340 580 1363 num
606 1327 820 1376 patientem,
841 1339 931 1362 num
961 1339 1123 1374 gravem,
1143 1339 1259 1365 num,

48 1379 213 1417 humana
247 1388 547 1418 contemnentem
585 1388 691 1429 potes
728 1381 847 1417 dicere
885 1387 950 1416 aut
988 1380 1236 1416 Philoctetam

47 1434 156 1471 illum
177 1435 269 1471 ?—a
289 1442 323 1470 te
343 1435 443 1471 enim
461 1435 560 1471 malo
580 1435 768 1472 discedere
782 1435 915 1479 3—sed
944 1433 1006 1469 ille
1035 1440 1132 1470 certe
1159 1446 1236 1469 non

47 1488 165 1532 fortis,
185 1488 249 1537 qui
262 1487 364 1537 jacet

561 1540 594 1570 in
609 1540 692 1570 lecto
707 1539 852 1579 humido,

264 1584 357 1620 Quod
375 1584 508 1624 ejulatu,
523 1587 651 1623 questu,
667 1583 800 1623 gemitu,
816 1583 1000 1613 fremitibus

264 1627 458 1658 Resonando
474 1632 601 1657 mutum
616 1627 740 1657 fle'biles
756 1629 852 1657 voce's
866 1627 980 1657 refert.

51 1696 139 1733 Non
158 1709 226 1745 ego
246 1697 412 1733 dolorem
431 1710 511 1733 esse
531 1710 626 1746 nego
643 1712 652 1742 3
685 1709 752 1732 cur
771 1696 870 1732 enim
893 1695 1070 1731 fortitudo
1091 1696 1236 1733 deside-

50 1751 218 1787 raretur?
249 1751 314 1786 sed
343 1763 429 1786 eum
464 1750 624 1799 opprimi
652 1750 734 1786 dico
762 1749 952 1797 patientia,
983 1749 1014 1784 si
1042 1750 1152 1785 modo
1182 1757 1238 1787 est

51 1804 176 1851 aliqua
191 1804 395 1851 patientia3
427 1804 458 1839 si
478 1804 581 1840 nulla
609 1810 676 1846 est,
697 1803 786 1852 quid
815 1815 1041 1838 exornamus
1070 1803 1236 1851 philoso-

51 1856 206 1905 phiam?
235 1864 300 1893 aut
319 1858 409 1905 quid
430 1857 511 1905 ejus
530 1857 682 1893 nomine
700 1855 850 1905 gloriosi
879 1868 1008 1892 sumus
1024 1855 1037 1891 ἲ
1096 1856 1239 1905 Pungit

52 1910 272 1946 dolor—vel
299 1911 416 1946 fodiat
444 1923 556 1953 sane3
589 1911 619 1946 si
646 1911 770 1945 nudus
800 1923 851 1953 es,
872 1910 920 1945 da
942 1909 1147 1958 jugulum;
1180 1911 1238 1946 sin

51 1970 174 2000 tectus
194 1963 389 2000 Volcaniis
408 1963 531 2007 armis,
553 1963 591 1998 id
610 1970 667 1999 est
686 1963 916 2006 fortitudine,
938 1964 1080 1999 resiste.
1140 1964 1237 2000 Haec

52 2017 152 2052 enim
177 2024 225 2061 te,
255 2017 325 2053 nisi
353 2017 405 2052 ita
438 2016 560 2060 facies,
591 2024 716 2053 custos
754 2016 944 2065 dignitatis
980 2016 1165 2064 relinquet
1201 2024 1239 2053 et

51 2071 208 2106 deseret.

107 2123 260 2160 Cretum
289 2123 439 2171 quidem
469 2123 582 2171 leges,
603 2136 696 2172 quas
725 2124 802 2160 sive
831 2124 976 2171 Jupiter
1004 2123 1081 2158 sive
1110 2123 1237 2159 Minos
1256 2131 1297 2160 34

53 2177 180 2212 sanxit
198 2177 244 2212 de
262 2177 366 2213 Jovis
387 2177 538 2224 quidem
558 2177 753 2220 sententia,
774 2184 817 2214 ut
837 2185 957 2225 poetae
970 2177 1105 2220 ferunt,
1125 2176 1235 2212 item-

53 2242 127 2277 que
156 2230 321 2278 Lycurgi
349 2230 539 2266 laboribus
572 2231 748 2267 erudiunt
771 2231 1023 2279 juventutem,
1055 2231 1236 2273 venando,

55 2283 246 2326 currendo,
260 2283 469 2325 esuriendo,
484 2283 653 2326 sitiendo,
668 2285 838 2332 algend0‚
855 2283 1063 2319 aestuando.
1095 2283 1240 2331 Spartae

56 2348 143 2371 vero
163 2337 267 2384 pueri
285 2337 331 2372 ad
351 2349 450 2372 aram
471 2337 522 2372 sic
542 2338 756 2374 verberibus
776 2336 1020 2384 accipiuntur,
1039 2342 1083 2372 ut
1097 2336 1240 2372 multus

57 2401 77 2424 e
111 2388 314 2426 visceribus
348 2389 499 2439 sanguis
533 2398 666 2433 exeat:
704 2402 988 2438 nonnumquam
1029 2390 1153 2433 etiam,
1184 2395 1239 2431 ut,

615 2448 679 2483 122
