1471 2585
63 104 127 147 29,
149 98 234 150 30.]
409 112 514 137 BOOK
534 111 595 137 111.
617 112 735 138 cuAr.
761 96 929 138 12—14.
1202 103 1249 142 73

63 208 254 251 exsistere,
275 219 391 255 quum
412 206 504 255 quid
524 206 577 243 ita
595 206 717 243 visum
737 207 796 252 sit,
810 213 854 243 ut
871 220 1049 256 magnum
1063 208 1252 256 quoddam

55 262 203 306 *malum
223 261 351 297 adesse
371 266 408 296 et
427 273 557 309 urgere
573 260 757 297 videatur.
797 261 961 310 Epicuro
978 268 1103 297 autem
1116 262 1251 310 placet,

63 314 274 364 opinionem
294 313 383 349 mali
404 313 666 362 aegritudinem
685 326 764 350 esse
793 325 938 358 natura,
961 321 1015 359 ut,
1035 315 1252 364 quicunque

62 369 251 404 intueatur
280 368 319 403 in
351 366 504 415 aliquod
532 367 652 416 majus
673 368 827 412 malum,
847 368 877 404 si
906 368 944 404 id
976 369 1045 404 sibi
1075 369 1252 405 accidisse

49 421 246 470 opinetur,
277 421 327 456 sit
362 421 540 456 continuo
578 421 617 456 in
655 421 890 469 aegritudine.
949 422 1144 470 Cyrenaici
1175 434 1252 458 non

62 474 164 511 omni
182 474 280 510 malo
305 474 566 523 aegritudinem
597 474 691 510 effici
720 482 885 518 censent,
907 475 969 511 sed
999 476 1186 524 insperato
1215 482 1253 511 et

61 527 283 575 necopinato
303 528 415 563 malo.
474 528 545 563 Est
563 527 601 563 id
620 528 770 576 quidem
790 540 866 564 non
880 529 1062 565 mediocre
1079 529 1126 565 ad
1141 528 1251 577 aegri-

62 581 231 617 tudinem
251 581 483 630 augendam;
506 581 682 618 videntur
701 581 800 617 enim
819 582 945 618 omnia
962 583 1153 631 repentina
1168 595 1251 632 gra-

61 634 177 671 viora.
236 635 298 671 Ex
316 635 386 671 hoc
407 641 443 671 et
461 635 526 670 illa
539 634 623 684 jure
642 635 865 672 laudantur:

125 686 192 737 ligo
209 707 310 736 quum
325 697 433 737 genui,
449 698 521 727 tum
538 696 714 727 morituros
730 697 811 727 scivi
827 701 861 727 et
877 697 905 727 ei
920 697 969 727 rei
985 697 1110 727 sustuli.

126 740 305 770 Praeterea
320 740 361 770 ad
378 740 512 780 Trojam
529 750 630 779 quum
646 740 720 770 misi
736 741 777 770 ob
794 740 1032 771 defendendam
1049 740 1233 780 Graeciam,

127 783 277 814 Sciebam
292 793 344 813 me
360 783 393 813 in
408 783 617 813 mortiferum
633 783 766 820 bellum,
782 786 847 814 non
863 785 896 813 in
912 785 1023 824 epulas
1037 785 1181 815 mittere.

115 839 227 876 XIV.
261 840 358 876 Haec
385 839 500 888 igitur
526 839 800 888 praemeditatio
828 839 1038 876 futurorum
1067 839 1252 875 malorum
1271 848 1310 878 29

61 893 156 929 lenit
175 906 303 929 eorum
322 894 540 938 adventum,
554 905 640 941 quae
660 893 848 929 venientia
865 893 976 942 longe
997 899 1082 929 ante
1105 893 1252 929 videris.

64 947 199 995 Itaque
219 947 318 995 apud
340 946 561 995 Euripidem
581 959 602 983 a
622 946 767 983 Theseo
787 946 887 983 dicta
912 947 1136 992 laudantur;
1167 947 1255 983 licet

62 1000 174 1045 enim,
194 1007 237 1036 ut
256 1013 357 1048 saepe
376 1001 545 1045 facimus,
566 999 605 1035 in
625 1000 807 1036 Latinum
826 1000 890 1036 illa
909 1007 1145 1037 convertere:

191 1068 277 1098 Nam
294 1068 349 1108 qui
363 1068 444 1099 haec
460 1068 572 1098 audita
587 1079 606 1098 a
623 1068 717 1099 docto
732 1068 954 1099 meminissem
970 1069 1053 1108 viro,

191 1111 336 1141 Futuras
350 1121 479 1141 mecum
495 1112 741 1141 c6rnn1entabar
755 1112 905 1142 miserias
920 1123 927 1142 ε

191 1155 260 1185 Aut
276 1157 415 1184 mortem
430 1155 583 1184 acerbam
599 1158 655 1184 aut
672 1154 765 1184 exsili
781 1157 930 1184 maestam
946 1154 1070 1195 fugam,

191 1198 260 1228 Aut
275 1200 405 1236 se'mper
419 1197 562 1237 aliquam
577 1197 695 1227 m61em
712 1197 895 1227 meditabar
909 1197 998 1236 mali,

193 1239 250 1279 Ut,
265 1241 295 1269 si
311 1250 374 1280 qua
390 1240 520 1270 invecta
536 1240 652 1270 diritas
668 1242 745 1270 casu
762 1240 858 1279 foret,

192 1283 242 1314 Ne
258 1293 312 1313 me
328 1284 526 1322 imparatum
542 1285 622 1314 cura
634 1283 796 1313 lacerare't
811 1293 939 1323 repens.

64 1345 178 1384 Quod
198 1351 322 1381 autem
343 1345 511 1381 Theseus
545 1357 566 1380 a
595 1345 705 1381 docto
736 1358 774 1381 se
803 1344 951 1381 audisse
971 1344 1072 1388 dicit,
1092 1345 1130 1381 id
1149 1345 1195 1382 de
1216 1358 1254 1382 se
1272 1356 1311 1385 30

62 1399 144 1447 ipso
173 1398 340 1447 loquitur
360 1398 572 1447 Euripides.
630 1398 768 1434 Fuerat
799 1398 898 1434 enim
928 1398 1075 1434 auditor
1099 1398 1254 1435 Anaxa-

63 1465 178 1500 gorae,
200 1465 312 1500 quem
332 1452 457 1488 ferunt
475 1451 648 1488 nuntiata
666 1458 783 1488 morte
803 1451 872 1487 filii
891 1451 1055 1488 dixisse:
1088 1452 1255 1488 Sciebam

64 1518 117 1542 me
132 1507 301 1555 genuisse
320 1505 515 1542 mortalem.
574 1506 673 1544 Quae
693 1518 768 1541 vox
795 1505 969 1549 declarat,
989 1505 1034 1541 iis
1063 1518 1144 1541 esse
1158 1506 1255 1543 ‘haec

65 1560 206 1603 acerba,
228 1559 365 1607 quibus
384 1572 458 1595 non
478 1558 617 1595 fuerint
635 1558 809 1607 cogitata.

118 1612 220 1660 Ergo
239 1613 277 1648 id
296 1613 447 1660 quidem
466 1625 542 1649 non
570 1612 741 1655 dubium,
762 1611 853 1659 quin
883 1611 1019 1655 omnia,
1042 1624 1129 1660 quae
1157 1612 1256 1648 mala

64 1671 256 1713 putentur,
285 1666 360 1701 sint
391 1665 594 1714 improvisa
619 1665 801 1714 graviora.
860 1664 995 1712 ltaque
1026 1678 1255 1713 quamquam

64 1731 140 1754 non
170 1719 253 1755 haec
283 1732 358 1755 una
388 1732 444 1755 res
465 1719 577 1755 efficit
596 1719 797 1754 maximam
818 1718 1094 1765 aegritudinem,
1115 1725 1254 1764 tamen,

65 1772 241 1820 quoniam
263 1772 426 1808 multum
446 1778 569 1821 potest
587 1772 750 1820 provisio
770 1771 884 1807 animi
904 1777 941 1807 et
961 1771 1180 1820 praeparatio
1209 1772 1255 1808 ad

65 1825 312 1861 minuendum
332 1826 510 1869 dolorem,
531 1825 605 1861 sint
626 1837 770 1873 semper
789 1824 913 1860 omnia
931 1825 1073 1860 homini
1093 1825 1256 1862 humana

65 1879 256 1914 meditata.
313 1879 364 1914 Et
383 1878 560 1915 nimirum
577 1879 659 1914 haec
679 1884 735 1913 est
753 1877 817 1913 illa
845 1884 1028 1926 praestans
1057 1884 1095 1914 et
1127 1878 1255 1915 divina

66 1931 259 1979 sapientia,
274 1938 311 1967 et
327 1938 517 1980 perceptas
532 1931 682 1980 penitus
697 1937 734 1967 et
748 1938 987 1979 pertractatas
1002 1944 1060 1967 res
1074 1932 1256 1968 humanas

64 1984 213 2029 habere,
234 1985 329 2021 nihil
360 1985 542 2028 admirari,
565 1997 682 2032 quum
713 1984 898 2030 acciderit,
919 1984 1025 2029 nihil,
1055 1992 1256 2032 antequam

67 2038 243 2084 evenerit,
264 2051 340 2074 non
361 2038 509 2074 evenire
528 2050 636 2086 posse
656 2038 837 2074 arbitrari.

110 2100 333 2137 Quamobrem
360 2103 484 2139 omues,
505 2110 607 2140 quum
633 2100 785 2130 secundae
815 2110 869 2131 res
899 2103 975 2130 sunt
995 2102 1162 2137 maxume,
1186 2102 1257 2130 tum

196 2146 351 2173 maxume

110 2185 267 2216 Meditari
281 2196 391 2216 secum
407 2187 546 2225 oportet,
561 2195 624 2225 quo
639 2189 733 2226 pacto
750 2185 925 2216 advorsam
940 2188 1121 2216 aerumnam
1137 2184 1255 2216 ferant.

111 2228 256 2267 Pericla,
270 2230 388 2259 damna
403 2231 539 2269 peregre
554 2228 684 2259 rediens
699 2231 829 2268 se‘mper
844 2239 954 2258 seeum
971 2229 1091 2268 cogitet

112 2272 181 2302 Aut
197 2272 245 2302 sssi
262 2277 430 2312 peccatum
446 2273 504 2301 aut
520 2272 632 2302 uxoris
646 2274 786 2302 mortem
801 2276 858 2302 aut
873 2271 1023 2301 morbum
1039 2271 1129 2310 sssiae,

112 2314 306 2346 Communia
328 2325 398 2345 esse
421 2314 504 2353 haee,
520 2317 561 2344 ne
583 2314 661 2354 quid
682 2314 799 2345 horum
822 2324 977 2353 umquam
1000 2314 1126 2345 accidat
1148 2313 1256 2345 animo

197 2368 326 2388 novom.

114 2399 278 2441 Quicquid
293 2404 416 2441 praeter
429 2410 522 2441 spem
537 2400 676 2441 eveniat,
690 2410 785 2432 omne
800 2399 833 2430 id
850 2399 1006 2441 deputare
1021 2410 1092 2431 esse
1108 2401 1142 2431 in
1157 2400 1257 2431 lucro.

1018 2457 1045 2481 H
