1471 2585
141 248 180 278 88

149 1261 188 1291 89

153 2008 192 2036 90

197 83 246 118 30
515 94 716 119 TUSCULAN
746 95 1041 120 DISPUTATroNs.
1185 80 1374 133 [88—90.

198 187 246 224 sit
271 193 413 237 aptum,
437 201 514 226 non
543 202 677 234 careas,
703 189 816 226 etiam
848 189 878 225 si
898 190 1034 226 sentias
1062 195 1097 226 te
1125 203 1200 226 non
1229 191 1376 227 habere.

200 241 285 278 Hoc
314 243 557 290 premendum
590 243 701 279 etiam
730 250 842 291 atque
874 243 986 279 etiam
1015 249 1071 279 est
1103 250 1378 292 argumentum,

199 295 416 331 confirmato
437 295 513 340 illo,
534 297 579 332 de
596 309 684 344 quo,
706 296 735 332 si
763 297 938 332 mortales
958 297 1070 332 animi
1090 305 1188 340 sunt,
1208 297 1378 334 dubitare

199 361 276 384 non
294 361 504 397 possumus,
525 349 617 397 quin
635 356 762 385 tantus
784 349 956 386 interitus
982 350 1021 385 in
1048 357 1164 386 morte
1190 350 1250 395 sit,
1271 358 1313 386 ut
1332 363 1379 387 ne

200 401 355 438 minima
374 402 524 450 quidem
551 402 713 451 suspicio
739 415 868 439 sensus
893 403 1147 451 relinquatur;
1179 404 1248 440 hoc
1267 404 1381 452 igitur

200 455 314 503 probe
334 455 497 492 stabilito
518 462 554 492 et
571 456 662 499 fixo,
683 455 778 492 illud
804 457 1071 493 excutiendum
1091 463 1158 500 est,
1175 463 1218 493 ut
1233 457 1380 500 sciatur,

201 509 292 555 quid
312 508 359 544 sit
378 522 516 553 carere,
542 522 588 545 ne
611 510 843 557 relinquatur
868 509 1009 558 aliquid
1038 511 1166 546 erroris
1194 510 1233 546 in
1257 511 1380 547 verbo.

207 561 345 598 Carere
361 562 474 610 igitur
493 563 562 599 hoc
581 563 788 611 significat:
815 576 921 611 egere
937 575 993 607 eo,
1007 564 1108 610 quod
1127 563 1261 600 habere
1275 564 1379 600 velis.

203 615 310 651 Inest
329 616 427 651 enim
449 616 545 651 velle
569 616 606 651 in
634 616 804 659 carendo,
831 616 904 652 nisi
923 629 1039 664 quum
1060 617 1111 652 sic
1131 623 1320 664 tamquam
1340 616 1381 652 in

202 668 295 704 febri
324 669 457 705 dicitur
484 669 556 705 alia
580 670 738 717 quadam
764 669 914 705 notione
939 670 1053 706 verbi.
1111 670 1258 706 Dicitur
1282 670 1380 706 enim

204 721 277 757 alio
310 723 420 758 modo
451 723 561 758 etiam
591 735 730 767 carere,
761 735 879 771 quum
907 723 1050 771 aliquid
1077 735 1150 758 non
1180 723 1316 759 habeas
1345 730 1382 759 et

203 787 279 810 non
299 774 433 812 habere
454 783 489 811 te
509 776 658 819 sentias,
680 777 790 812 etiam
810 776 841 811 si
858 776 896 812 id
916 776 1023 812 facile
1043 777 1192 824 patiare.
1245 776 1382 812 Carere

203 828 241 863 in
263 836 380 865 morte
399 841 474 864 non
492 829 636 873 dieitur,
660 841 728 865 nec
753 829 851 865 enim
877 835 973 865 esset
991 829 1217 874 dolendum3
1248 829 1384 865 dicitur

203 881 312 926 illud,
335 882 421 918 bono
441 895 580 926 carere,
601 883 702 930 quod
722 889 779 919 est
800 883 952 919 malum.
1010 883 1082 918 Sed
1103 895 1149 918 ne
1172 883 1277 918 vivus
1297 883 1382 931 qui-

205 935 287 970 dem
309 935 406 971 bono
426 943 534 979 caret,
552 936 582 972 si
602 949 645 973 eo
664 948 740 972 non
759 936 911 984 indiget.
969 936 1043 971 Sed
1062 936 1100 971 in
1120 937 1205 971 vivo
1224 936 1384 985 intelligi

205 996 330 1024 tamen
350 995 483 1037 potest,
500 1002 612 1038 regno
633 996 668 1026 te
688 1002 832 1033 carere3
861 989 933 1025 dici
949 996 1073 1025 autem
1094 990 1162 1025 hoc
1182 989 1219 1024 in
1240 996 1275 1026 te
1295 989 1383 1026 satis

205 1042 391 1078 subtiliter
409 1054 483 1078 non
503 1049 648 1091 potest3
678 1050 805 1091 posset
823 1043 862 1078 in
882 1042 1098 1090 Tarquinio,
1126 1055 1243 1090 quum
1268 1054 1383 1091 regno

205 1102 304 1131 esset
323 1096 528 1144 expulsus3
561 1102 599 1131 at
622 1096 660 1132 in
686 1103 832 1132 mortuo
861 1108 907 1132 ne
935 1095 1093 1144 intelligi
1118 1096 1292 1144 quidem3
1322 1108 1384 1132 ca-

205 1160 283 1184 rere
298 1149 396 1185 enim
418 1149 611 1185 sentientis
630 1155 698 1193 est,
712 1162 781 1185 nec
795 1161 926 1185 sensus
940 1149 979 1184 iu
997 1155 1143 1185 mortuo
1161 1163 1169 1185 :
1197 1161 1243 1184 ne
1263 1161 1385 1185 carere

205 1201 356 1249 quidem
375 1202 487 1249 igitur
506 1202 544 1238 in
566 1209 710 1238 mortuo
730 1209 799 1239 est.

250 1254 464 1292 XXXVII.
480 1255 719 1304 Quamquam
729 1256 819 1304 quid
828 1268 921 1303 opus
933 1255 1033 1291 estin
1041 1254 1110 1290 hoc
1119 1254 1382 1303 philosophari,

207 1320 326 1355 quum
339 1321 414 1344 rein
431 1321 505 1344 non
520 1321 654 1356 magno
671 1321 779 1356 opere
796 1308 1029 1357 philosophia
1044 1320 1149 1356 egere
1163 1308 1382 1344 videamus?

207 1361 364 1400 Quoties
394 1374 467 1397 non
494 1362 605 1397 modo
624 1362 796 1398 ductores
824 1361 951 1405 nostri,
983 1362 1047 1397 sed
1077 1362 1240 1397 universi
1272 1361 1401 1399 etiarm

207 1415 393 1450 exercitus
421 1415 466 1450 ad
486 1427 562 1450 non
581 1415 732 1451 dubiam
757 1421 914 1450 mortem
942 1414 1227 1450 concurrerunt!
1287 1415 1385 1454 Quae

207 1467 359 1515 quidem
380 1468 409 1503 si
425 1467 627 1512 timeretur,
654 1480 728 1504 non
758 1468 803 1504 L.
826 1468 966 1504 Brutus
994 1480 1121 1503 arcens
1150 1480 1233 1503 eum
1263 1468 1386 1505 reditu

208 1528 422 1568 tyrannum,
443 1534 553 1569 quem
575 1521 654 1568 ipse
679 1521 887 1569 expulerat,
913 1521 952 1557 in
981 1521 1112 1569 proelio
1141 1521 1383 1565 concidisset3

207 1586 282 1610 non
306 1587 390 1610 cum
411 1574 555 1610 Latinis
582 1575 771 1611 decertans
799 1580 903 1623 pater
931 1574 1083 1619 Decius,
1111 1587 1195 1610 cum
1217 1574 1386 1610 Etruscis

208 1627 322 1671 filius,
343 1640 426 1663 cum
448 1628 591 1676 Pyrrho
620 1640 748 1676 nepos,
776 1641 814 1664 se
841 1628 1003 1663 hostiurn
1031 1628 1112 1663 telis
1133 1627 1382 1676 objecissent3

208 1693 283 1716 non
310 1694 386 1717 uno
414 1681 514 1717 bello
543 1693 607 1729 pro
636 1681 754 1729 patria
783 1681 955 1717 cadentes
985 1681 1176 1728 Scipiones
1205 1681 1387 1729 Hispania

209 1734 376 1777 vidisset,
397 1734 572 1770 Paullum
592 1741 629 1770 et
648 1734 850 1770 Geminum
871 1734 1024 1777 Cannae,
1041 1733 1206 1770 Venusia
1225 1733 1386 1770 Marcel-

208 1786 458 1831 lum‚<Litana
477 1787 672 1832 Albinum,
699 1787 867 1824 Lucania
894 1787 1114 1823 Gracchum.
1173 1787 1273 1822 Num
1303 1788 1386 1835 quis

208 1839 340 1876 horum
374 1841 485 1876 miser
518 1841 627 1878 hodie
645 1841 658 1877 ?
716 1841 772 1877 Ne
806 1848 887 1877 tum
919 1841 1067 1888 quidem
1101 1847 1184 1888 post
1213 1840 1385 1888 spiritum

209 1902 434 1930 extremum.
478 1893 557 1929 Nec
576 1894 674 1930 enim
690 1900 812 1942 potest
830 1907 910 1930 esse
929 1894 1038 1930 miser
1057 1894 1255 1941 quisquam
1275 1906 1386 1930 sensu

210 1954 413 1995 perempto.

262 2001 315 2036 At
333 2000 370 2036 id
389 2000 514 2049 ipsum
533 2000 702 2036 odiosum
722 2007 789 2045 est,
811 2001 890 2037 sine
909 2013 1019 2037 sensu
1038 1999 1385 2042 esse.——Odi0sum‚

211 2053 241 2089 si
269 2054 307 2089 id
332 2061 429 2089 esset
457 2066 590 2090 carere.
655 2054 781 2091 Quum
818 2067 903 2090 vero
936 2054 1172 2102 perspicuum
1203 2053 1262 2096 sit,
1294 2053 1385 2089 nihil

210 2119 317 2154 posse
338 2107 374 2142 in
397 2120 438 2143 eo
459 2119 550 2151 esse,
568 2107 632 2155 qui
647 2107 723 2155 ipse
743 2119 815 2143 non
839 2108 909 2143 sit:
941 2108 1030 2155 quid
1049 2113 1170 2155 potest
1186 2119 1264 2142 esse
1283 2106 1320 2142 in
1342 2118 1385 2142 eo

210 2160 391 2204 odiosum,
413 2160 478 2207 qui
496 2173 564 2196 nec
590 2166 709 2196 careat
735 2172 801 2196 nec
831 2160 994 2197 sentiat?
1051 2160 1288 2206 Quamquam
1316 2159 1385 2196 hoc

209 2213 360 2260 quidem
386 2214 496 2250 nimis
523 2226 646 2262 saepe;
678 2213 743 2248 sed
771 2226 826 2257 e0,
846 2215 947 2261 quod
978 2213 1015 2249 in
1044 2213 1112 2248 hoc
1142 2213 1238 2248 inest
1265 2212 1385 2248 omnis

209 2266 323 2301 animi
343 2267 544 2303 contractio
559 2279 605 2303 ex
628 2273 729 2302 metu
749 2267 888 2303 mortis.
930 2267 1007 2306 Qui
1022 2266 1119 2302 enim
1135 2265 1222 2301 satis
1239 2265 1384 2308 viderit,

210 2319 247 2354 id
278 2320 377 2367 quod
407 2327 462 2355 est
494 2320 575 2356 luce
606 2319 752 2362 clarius,
773 2319 895 2356 animo
922 2327 960 2356 et
987 2331 1136 2367 corpore
1162 2326 1384 2366 consumpto

211 2378 363 2420 totoque
390 2373 576 2409 animante
595 2373 716 2410 deleto
742 2378 778 2408 et
797 2372 894 2410 facto
913 2373 1065 2410 interitu
1084 2371 1269 2415 universo,
1288 2371 1383 2408 illud
