1471 2585
69 93 261 145 43—45.]
465 106 568 131 BOOK
599 106 626 131 1.
647 107 764 131 CHAP.
789 97 848 132 19.
1200 99 1245 133 15

69 215 118 239 ex
138 202 274 251 quibus
293 201 417 238 omnia
435 208 600 238 constare
620 202 804 245 dicuntur,
819 215 866 238 ex
882 201 1112 238 inflammata
1126 202 1248 239 anima

52 262 224 307 constat,
245 262 288 292 ut
316 256 550 303 potissimum
583 256 697 291 videri
723 256 830 291 video
856 256 1037 300 Panaetio,
1061 256 1248 305 superiora

71 316 236 358 capessat
253 322 401 345 necesse
422 316 487 345 est.
529 309 634 345 Nihil
650 309 746 344 enim
763 310 901 345 habent
921 310 1002 346 haec
1022 310 1095 345 duo
1114 322 1249 358 genera

69 363 175 412 proni
204 369 241 398 et
272 375 405 410 supera
432 375 576 410 semper
608 369 753 410 petunt.
812 363 882 406 lta,
907 363 983 398 sive
1009 363 1246 411 dissipantur,

46 416 197 464 -procul
216 429 236 452 a
256 416 360 452 terris
380 417 416 452 id
436 416 580 460 evenit3
614 416 690 452 sive
718 423 936 465 permanent
964 423 1000 452 et
1030 422 1249 452 conservant

67 469 237 506 habitum
258 482 379 513 suum,
399 470 468 506 hoc
488 470 598 505 etiam
617 470 734 518 magis
758 482 907 505 necesse
934 477 990 505 est
1012 470 1176 506 ferantur
1202 470 1248 505 ad

68 522 215 566 caelum,
236 530 273 559 et
291 523 337 558 ab
356 523 399 559 iis
421 530 679 571 perrumpatur
698 530 734 559 et
752 523 941 559 dividatur
966 536 1108 558 crassus
1135 523 1194 559 hic
1213 529 1250 558 et

70 583 263 613 concretus
280 579 353 619 aer,
372 577 436 624 qui
456 584 511 612 est
523 584 630 612 terrae
647 577 854 625 proximus.
897 576 1058 612 Calidior
1077 584 1134 612 est
1150 576 1248 612 enim

70 629 128 665 vel
144 630 266 678 potius
285 630 470 666 ardentior
484 630 640 673 animus,
655 643 765 678 quam
781 638 836 666 est
848 630 907 666 hic
923 633 997 673 aer,
1012 643 1120 677 quem
1138 630 1249 665 modo

69 683 148 719 dixi
166 696 330 719 crassum
347 691 458 731 atque
479 691 715 720 concretum:
745 684 846 732 quod
865 697 911 719 ex
934 696 976 719 eo
1003 683 1085 719 sciri
1113 690 1248 731 potest,

68 736 157 784 quia
169 749 320 785 corpora
334 744 471 780 nostra,
488 744 632 774 terreno
644 737 907 786 principiorum
923 750 1056 786 genere
1072 737 1248 781 confecta,

68 791 195 826 ardore
213 790 326 827 animi
344 792 614 827 concalescunt.

121 843 234 880 XIX.
264 844 429 888 Accedit,
451 851 492 880 ut
526 857 568 881 eo
601 844 744 880 facilius
773 844 920 880 animus
947 844 1080 879 evadat
1107 856 1153 879 ex
1180 843 1250 879 hoc
1268 848 1307 877 43

68 900 164 940 aere,
184 911 293 946 quem
315 910 414 945 saepe
428 898 506 946 jam
534 898 693 946 appello,
714 910 874 946 eumque
900 905 1124 946 perrumpat,
1146 897 1248 945 quod

68 950 163 987 nihil
183 957 239 987 est
258 951 380 987 animo
410 951 586 995 velocius,
608 951 713 987 nulla
739 959 795 987 est
820 951 998 995 celeritas,
1026 964 1112 999 quae
1135 950 1253 998 possit

69 1017 155 1040 cum
175 1005 289 1040 animi
314 1005 498 1041 celeritate
525 1005 760 1041 contendere.
818 1005 895 1043 Qui
919 1005 949 1040 si
979 1011 1170 1052 permanet
1193 1003 1251 1039 in-

69 1065 264 1106 corruptus
283 1059 414 1105 suique
435 1059 577 1102 similis,
598 1071 746 1094 necesse
767 1065 824 1094 est
841 1058 892 1094 ita
911 1059 1059 1100 feratur,
1076 1064 1119 1093 ut
1140 1070 1252 1105 pene-

69 1118 143 1147 tret
171 1118 208 1147 et
237 1111 379 1147 dividat
406 1124 514 1147 omne
541 1112 675 1147 caelum
693 1112 774 1156 hoc,
796 1112 831 1147 iu
865 1124 939 1159 quo
966 1112 1094 1153 nubes,
1116 1111 1252 1146 imbres

70 1165 249 1212 ventique
267 1172 462 1213 coguntur,
482 1165 582 1212 quod
602 1173 639 1200 et
657 1165 852 1200 humidum
873 1172 910 1200 et
935 1164 1175 1212 caliginosum
1197 1170 1253 1199 est.

70 1225 220 1266 propter
256 1218 512 1254 exhalationes
550 1225 672 1254 terrae.
744 1218 868 1256 Quam
911 1218 1098 1264 regionem
1136 1230 1252 1264 quum

73 1271 261 1320 superavit
289 1271 433 1307 animus
464 1278 709 1319 naturamque
741 1272 798 1307 sui
834 1271 993 1306 similem
1031 1271 1186 1318 contigit
1218 1277 1254 1306 et

72 1325 234 1373 agnovit,
250 1325 391 1373 junctis
411 1338 457 1360 ex
478 1326 601 1361 anima
620 1325 722 1361 tenui
742 1332 779 1360 et
806 1337 853 1360 ex
885 1324 1011 1360 ardore
1044 1324 1130 1359 solis
1160 1331 1251 1359 tem-

72 1385 198 1426 perato
217 1378 365 1427 ignibus
384 1378 522 1414 insistit
542 1385 578 1414 et
604 1379 717 1414 finem
745 1378 855 1413 altius
887 1391 924 1413 se
955 1377 1130 1413 efferendi
1153 1377 1251 1413 facit.

75 1431 203 1470 Quum
224 1432 322 1467 enim
344 1432 401 1467 sui
421 1432 578 1467 similem
599 1439 636 1467 et
654 1432 841 1467 levitatem
863 1437 899 1467 et
919 1431 1076 1467 calorem
1098 1431 1254 1478 adeptus

74 1492 142 1528 est,
163 1493 352 1533 tamquam
371 1486 520 1533 paribus
541 1485 776 1521 examinatus
797 1485 1035 1532 ponderibuS‚
1056 1484 1199 1519 nullam
1215 1484 1253 1519 in

71 1545 213 1586 partem
247 1547 428 1582 movetur,
450 1552 564 1587 eaque
599 1539 629 1574 ei
661 1539 812 1574 demum
842 1538 1019 1573 naturalis
1051 1545 1107 1573 est
1137 1538 1254 1580 sedes,

74 1604 189 1640 quum
223 1592 268 1627 ad
301 1592 359 1628 sui
389 1592 506 1628 simile
536 1592 754 1640 penetravit,
775 1592 813 1627 in
847 1604 921 1639 quo
944 1591 1048 1627 nulla
1076 1603 1113 1626 re
1144 1603 1255 1639 egens

73 1645 193 1681 aletur
210 1653 248 1681 et
267 1645 536 1681 sustentabitur
553 1646 683 1704 iisdem
704 1646 825 1688 rebus,
840 1645 976 1692 quibus
996 1651 1093 1680 astra
1108 1651 1254 1679 susten-

74 1704 200 1735 tantur
219 1705 255 1734 et
275 1699 438 1735 aluntur.

129 1752 331 1800 Quumque
364 1752 525 1800 corporis
554 1751 696 1788 facibus
728 1751 950 1787 inflammari
987 1750 1172 1786 soleamus
1209 1750 1255 1786 ad
1273 1757 1314 1785 44

74 1818 204 1841 omnes
235 1805 308 1841 fere
339 1806 573 1854 cupiditates,
601 1817 719 1852 eoque
749 1805 865 1853 magis
896 1804 1054 1848 incendi,
1082 1804 1181 1852 quod
1211 1803 1254 1839 iis

75 1859 306 1902 aemulemur,
328 1859 392 1906 qui
413 1872 454 1895 ea
473 1859 645 1902 habeant,
667 1871 752 1906 quae
779 1871 846 1893 nos
875 1858 1009 1894 habere
1039 1857 1254 1905 cupiamus:

74 1912 238 1960 profecto
258 1913 355 1948 beati
375 1913 524 1955 erimus,
546 1924 663 1960 quum
684 1912 896 1959 corporibus
922 1911 1058 1947 relictis
1087 1918 1123 1946 et
1152 1910 1255 1958 cupi·

75 1965 233 2001 ditatum
254 1974 289 2002 et
303 1965 586 2002 aemulationum
599 1965 734 2000 erimus
750 1972 921 2013 expertes
935 1979 944 2009 ς
967 1964 1141 2012 quodque
1158 1976 1257 1998 nunc

73 2019 244 2062 facimus,
265 2031 381 2066 quum
412 2018 527 2054 laxati
563 2018 660 2053 curis
694 2031 834 2062 sumus,
862 2026 905 2054 ut
931 2024 1094 2065 spectare
1117 2016 1259 2064 aliquid

75 2071 236 2108 velimus
250 2080 286 2107 et
298 2072 427 2115 visere,
442 2072 479 2107 id
492 2071 610 2106 multo
623 2079 701 2106 tum
718 2072 894 2108 faciemus
910 2071 1062 2106 liberius
1084 2076 1258 2117 totosque

75 2138 144 2161 nos
173 2125 210 2160 in
246 2125 540 2172 contemplandis
571 2125 680 2160 rebus
705 2124 1043 2173 perspiciendisque
1065 2135 1258 2171 ponemus,

76 2185 269 2226 propterea
288 2179 387 2226 quod
408 2185 445 2214 et
462 2186 595 2213 natura
612 2178 709 2213 inest
727 2179 764 2214 in
785 2179 974 2213 mentibus
1002 2176 1137 2212 nostris
1161 2176 1259 2211 insa-

77 2231 216 2267 tiabilis
245 2232 419 2279 quaedam
454 2231 636 2278 cupiditas
673 2232 750 2267 veri
783 2230 946 2273 videndi,
981 2237 1017 2265 et
1055 2242 1129 2265 01ae
1166 2229 1258 2277 ipsae

76 2284 243 2320 locorum
263 2285 425 2327 illorum,
447 2297 520 2332 quo
541 2285 828 2332 pervenerimus,
848 2297 921 2332 quo
938 2283 1137 2319 faciliorem
1153 2282 1260 2318 nobis

78 2338 326 2386 cognitionem
346 2351 468 2374 rerum
494 2337 712 2382 caelestium,
734 2351 777 2374 eo
808 2337 984 2385 majorem
1014 2335 1261 2385 cognoscendi

79 2390 318 2440 cupiditatem
346 2391 500 2428 dabunt.
560 2391 656 2428 Haec
686 2391 786 2427 enim
814 2390 1050 2439 pulchritudo
1059 2366 1191 2425 aetiam
1222 2387 1260 2423 in
1279 2394 1317 2422 45

639 2456 657 2480 c
679 2446 700 2479 2
