1471 2585
57 77 252 130 48—50.]
404 90 509 115 BOOK
539 90 582 114 11.
606 90 723 115 anP.
745 81 807 123 20,
830 81 892 115 21.
1195 82 1244 118 57

58 199 250 236 progressa
278 185 426 232 lonoius
456 186 499 220 fit
531 186 692 233 perfecta
723 186 853 222 virtus.
913 186 1007 222 Haee
1027 194 1071 222 ut
1089 186 1245 234 imperet

58 242 113 278 illi
146 240 240 289 parti
268 239 394 281 animi,
429 252 515 286 quae
550 239 698 274 obedire
729 240 852 283 debet,
883 240 920 275 id
951 240 1154 275 videndum
1189 249 1246 275 est

56 295 150 330 viro.
155 293 384 331 —Quonam
405 291 574 328 modo?
565 292 724 340 mquies.
730 267 856 329 ——Vel
876 299 917 328 ut
936 293 1110 329 dominus
1124 306 1243 336 servo,
1265 302 1290 327 θ

62 348 120 384 vel
152 353 194 383 ut
221 346 421 394 imperator
448 345 570 389 militi,
593 346 651 381 vel
682 353 721 381 ut
743 359 875 394 parens
898 346 988 383 filio.
1047 347 1086 382 Si
1107 347 1244 395 turpis-

48 401 150 437 -sime
171 412 209 436 se
228 399 293 435 illa
312 412 394 447 pars
415 399 527 434 animi
548 406 662 447 geret,
684 412 795 447 quam
817 400 895 435 dixi
916 413 996 436 esse
1016 400 1190 444 mollem;
1215 401 1244 436 si

60 467 98 490 se
116 453 289 490 lamentis
309 453 539 488 muliebriter
567 452 804 500 lacrimisque
833 453 965 489 dedet:
997 454 1181 489 vinciatur
1209 461 1245 489 et

59 507 335 555 constringatur
380 506 582 542 amicorum
634 506 1006 554 propinquorumque
1053 507 1245 544 custodiis.

61 561 170 622 Saepe
203 560 302 596 enim
332 559 502 595 videmus
533 561 666 596 fractos
704 560 853 607 pudore,
874 560 940 608 qui
969 560 1109 596 ratione
1140 561 1246 596 nulla

63 615 306 650 vincerentur.
365 613 464 661 Ergo
502 613 570 649 hos
614 613 778 661 quidem,
816 621 860 649 ut
903 614 1075 657 famulos,
1113 614 1245 649 vinclis

59 680 174 716 prope
195 680 236 703 ac
255 644 447 710 eustodia03
478 667 542 714 qui
562 676 685 703 autem
706 674 816 703 erunt
835 667 1014 703 firmiores
1034 680 1102 703 nec
1122 675 1246 703 tamen

59 721 321 762 robustissimi,
343 720 409 756 hos
438 720 632 756 admonitu
661 721 858 768 oportebit,
878 727 922 756 ut
950 721 1067 756 bonos
1096 721 1246 764 milites,

60 782 251 811 revocatos
272 774 489 821 dignitatem
511 774 619 810 tueri.

114 828 201 864 Non
221 829 331 864 nimis
350 828 387 863 in
409 827 552 875 Niptris
572 827 634 863 ille
655 827 951 875 sapientissimus
972 827 1132 864 Graeciae
1161 840 1246 863 sau-

61 883 139 918 cius
159 882 396 925 lamentatur,
418 882 476 917 vel
496 881 638 917 modice
658 881 783 930 potius
802 895 809 918 :

275 957 492 997 Pedetentim,
509 958 620 999 inquit,
635 962 668 988 et
680 957 793 988 sedato
810 957 881 988 nisu
898 959 904 988 Σ

275 1002 326 1032 Ne
342 1004 498 1032 succussu
514 1001 651 1041 arripiat
666 1001 772 1042 major

274 1044 376 1074 Dolor
420 1067 427 1074 .
474 1067 482 1075 .
528 1068 536 1076 .
581 1067 589 1075 .

62 1111 270 1163 (Pacuvius
304 1114 374 1149 hoc
411 1114 545 1150 melius
583 1126 694 1161 quam
732 1114 935 1162 Sophocles
954 1129 962 1158 ;
1005 1115 1104 1163 apud
1140 1114 1248 1150 illum

62 1167 162 1203 enim
182 1180 360 1215 perquam
380 1167 551 1203 flebiliter
574 1167 710 1203 Ulixes
729 1167 956 1203 lamentatur
983 1167 1021 1203 iu
1052 1166 1246 1214 vulnere);

63 1228 187 1257 tamen
209 1221 294 1256 huic
314 1221 444 1257 leviter
462 1221 624 1269 gementi
644 1221 699 1256 illi
718 1221 801 1269 ipsi,
823 1222 887 1269 qui
916 1222 1039 1257 ferunt
1069 1221 1248 1263 saucium,

62 1287 231 1323 personae
250 1275 469 1322 gravitatem
488 1275 690 1318 intuentes,
711 1287 786 1310 non
807 1274 980 1311 dubitant
998 1275 1117 1310 dicere
1135 1287 1143 1310 t

276 1342 326 1373 Tu
342 1345 482 1382 quoque,
498 1342 622 1380 Ulixes,
639 1345 837 1382 quamquam
854 1342 999 1382 graviter

278 1386 449 1416 Cernimus
466 1386 576 1424 ictum,
591 1385 687 1415 nimis
702 1388 804 1425 pae‘ne
820 1386 927 1416 auimo
943 1396 978 1416 es

277 1428 381 1467 Molli,
397 1429 451 1469 qui
467 1431 642 1458 consuetus
656 1428 690 1458 in
705 1429 806 1459 armis

278 1473 397 1502 AEvom
414 1475 510 1513 agere
555 1495 563 1503 .
609 1495 616 1502 .
663 1496 670 1503 .

65 1541 248 1590 Intelligit
276 1548 385 1590 poeta
412 1542 589 1590 prudens.‚
609 1542 749 1577 ferendi
780 1541 916 1578 doloris
941 1541 1249 1578 consuetudinem

65 1608 145 1631 esse
176 1608 250 1630 non
284 1595 594 1631 contemnendam
627 1595 854 1644 magistram.
910 1596 1038 1643 Atque
1075 1595 1138 1631 ille
1176 1607 1251 1630 non

64 1649 306 1685 immoderate
325 1661 459 1697 magno
479 1649 515 1684 in
537 1648 663 1684 dolore
681 1662 689 1685 ε

278 1717 442 1755 Retine'te,
457 1721 577 1755 tenete,
591 1717 747 1757 opprimit
762 1717 863 1748 uleus.

278 1760 420 1799 Nudate,
434 1760 499 1790 heu
514 1760 670 1790 miserum
686 1771 738 1790 me
754 1762 760 1791 l
785 1760 964 1791 excrucior.

66 1821 206 1870 Incipit
222 1821 298 1858 labi
316 1836 324 1866 3
356 1821 489 1858 deinde
508 1822 594 1858 ilico
614 1822 749 1858 desinit
766 1836 773 1858 :

280 1890 425 1930 Operite,
444 1891 620 1928 abscedite,
632 1891 712 1931 jaim,
726 1891 794 1931 jam

280 1932 405 1963 Mittite
422 1936 428 1964 !
452 1944 527 1963 nam
543 1938 720 1963 attrectatu
738 1937 769 1964 et
785 1944 905 1974 quassu

323 1976 449 2007 Saevum
466 1977 671 2015 amplificatis
687 1977 841 2008 dolorem.

67 2037 244 2081 Videsne,
265 2044 308 2073 ut
328 2037 556 2073 obmutuerit
586 2050 660 2073 non
691 2039 842 2075 sedatus
862 2039 1036 2086 corporis,
1059 2038 1123 2074 sed
1143 2036 1253 2073 casti-

67 2098 174 2137 gatus
207 2091 322 2127 animi
353 2090 486 2126 dolor?
545 2091 677 2139 Itaque
710 2091 747 2127 in
777 2092 954 2128 extremis
986 2091 1129 2140 Niptris
1163 2091 1253 2127 alios

68 2157 218 2192 quoque
237 2145 409 2193 objurgat
430 2144 542 2192 idque
559 2145 746 2182 moriens:

198 2220 360 2269 C6nque1'i
376 2220 540 2250 fortunam
557 2220 739 2259 advorsam,
754 2223 819 2251 n6n
835 2221 1009 2250 lamentari
1024 2219 1126 2249 decet.

195 2258 235 2293 Id
250 2264 312 2293 viri
328 2268 377 2294 est
392 2263 561 2302 officium;
583 2264 679 2294 fletus
693 2264 868 2294 muliebri
861 2263 990 2303 lngenio
1006 2263 1160 2293 additust.

72 2334 199 2382 Hujus
219 2334 331 2370 animi
352 2347 434 2382 pars
452 2334 517 2370 illa
536 2335 681 2372 mollior
698 2334 832 2372 rationi
848 2334 899 2370 sic
916 2333 1053 2382 paruit,
1069 2340 1112 2370 ut
1128 2345 1255 2369 severo

70 2387 280 2435 imperatori
298 2387 407 2423 miles
426 2388 583 2436 pudens.

1274 1120 1308 1149 19

1271 1601 1311 1630 50
