1471 2585
206 87 280 122 124
521 95 723 120 Tuscum&
754 94 1049 119 DISPUTATIONS.
1122 66 1124 69 Ι
1192 80 1380 131 [16—18.

203 198 345 240 partem
365 190 593 237 relinquunt.
653 189 747 228 Quis
770 189 867 225 enim
895 196 1017 236 potest
1043 196 1196 225 mortem
1226 195 1291 225 aut
1317 189 1382 225 do-

205 245 320 281 lorem
352 250 534 286 metuens,
561 254 719 290 quorum
752 242 909 278 alterum
942 254 1042 290 saepe
1074 243 1189 286 adest,
1222 242 1380 278 alterum

207 310 350 346 semper
380 296 582 344 impendet,
621 308 700 331 esse
736 308 810 331 non
844 295 979 331 miser?
1048 295 1179 334 Quid?
1221 295 1252 331 si
1281 296 1378 332 idem

207 349 326 399 (quod
357 350 574 398 plerumque
607 346 668 396 fit)
701 355 969 397 paupertatem,
1000 349 1253 397 ignominiam,
1284 349 1379 385 infa-

205 405 318 439 miam
339 404 455 446 timet,
477 402 504 437 si
527 401 765 445 debilitatem,
790 402 1006 444 eaecitatem,
1032 403 1061 437 si
1082 402 1242 449 denique
1261 401 1380 450 (quod

206 469 282 493 non
312 456 469 504 singulis
497 454 721 498 hominibus,
756 456 819 491 sed
852 456 1067 503 potentibus
1099 455 1246 503 populis
1280 467 1380 503 saepe

209 507 381 557 contigit)
411 508 647 545 servitutem:
681 514 803 556 potest
832 520 874 543 ea
906 507 1040 544 timens
1073 520 1152 544 esse
1181 509 1378 556 quisquam

155 569 191 599 16
208 562 366 599 beatus?
423 560 551 600 Quid?
581 561 645 609 qui
664 573 738 597 non
764 561 873 597 modo
899 574 942 597 ea
963 561 1086 596 futura
1114 561 1230 603 timet,
1250 574 1379 598 verum

209 616 318 652 etiam
338 616 407 651 fert
422 615 652 662 sustinetque
672 614 897 662 praesentia?
955 614 1062 650 Adde
1086 614 1212 650 eodem
1234 614 1378 659 exsilia,

207 669 345 713 luctus,
367 669 564 711 orbitates3
596 668 658 715 qui
687 668 798 703 rebus
827 667 885 702 his
912 667 1048 703 fractus
1073 667 1294 715 aegritudine
1314 667 1379 703 eli-

208 721 319 765 ditur,
340 730 462 770 potest
477 720 623 756 tandem
645 733 723 756 esse
742 733 816 756 non
834 720 1087 756 miserrimus?
1146 721 1247 759 Quid
1267 720 1379 757 vero?

208 774 328 818 illum,
344 787 454 823 quem
476 773 692 809 libidinibus
710 773 982 809 inflammatum
1008 781 1044 809 et
1063 773 1256 817 furentem,
1277 774 1380 809 vide-

208 840 304 872 mus,
333 827 457 862 omnia
481 827 605 862 rabide
632 833 866 875 appetentem
892 839 976 862 cum
1001 827 1218 875 inexplebili
1238 826 1382 874 cupidi-

208 887 296 924 tate,
317 893 464 929 quoque
490 880 703 916 affluentius
730 880 938 927 voluptates
963 880 1127 927 undique
1156 879 1311 924 hauriat,
1338 892 1381 916 eo

207 934 357 982 gravius
376 934 639 980 ardentiusque
658 933 856 976 sitientem,
876 945 999 968 nonne
1020 941 1116 969 recte
1135 933 1382 969 miserrimum

209 986 379 1023 dixeris?
444 986 576 1025 Quid?
617 987 736 1022 elatus
766 985 829 1022 ille
861 986 1013 1022 levitate
1046 986 1222 1034 inanique
1251 986 1383 1022 laetitia

210 1040 403 1076 exsultans
438 1047 476 1076 et
511 1047 646 1075 temere
690 1039 851 1087 gestiens
893 1052 1016 1075 nonne
1058 1046 1160 1075 tanto
1203 1039 1382 1083 misericr,

209 1100 348 1140 quanto
381 1093 450 1128 sibi
481 1093 629 1128 videtur
660 1092 825 1128 beatior?
882 1092 994 1140 Ergo,
1025 1102 1068 1128 ut
1096 1092 1134 1128 hi
1165 1092 1301 1136 miseri,
1332 1092 1383 1128 sic

209 1153 335 1181 contra
353 1146 405 1181 illi
427 1146 536 1189 beati,
557 1158 649 1193 quos
678 1145 774 1180 nulli
802 1152 923 1181 metus
952 1151 1099 1188 terrent,
1130 1145 1245 1181 nullae
1273 1145 1383 1194 aegri«

209 1199 357 1235 tudines
376 1199 568 1242 exedunt3
599 1198 715 1234 nullae
742 1198 914 1234 libidines
937 1198 1103 1242 incitant,
1121 1198 1236 1234 nullae
1255 1198 1382 1235 futiles

208 1251 352 1288 laetitiae
378 1251 610 1288 exsultantes
635 1251 820 1299 languidis
848 1251 1092 1299 liquefaciunt
1112 1251 1381 1299 voluptatibus.

210 1304 266 1341 Ut
286 1305 394 1341 maris
409 1305 520 1353 igitur
536 1304 782 1352 tranquillitas
797 1304 1028 1352 intelligitur,
1043 1304 1146 1339 nulla
1165 1317 1210 1340 ne
1230 1304 1384 1340 minima

210 1358 358 1405 quidem
387 1370 475 1393 aura
498 1357 634 1394 fluctus
654 1363 935 1393 commovente:
973 1356 1023 1392 sic
1043 1357 1156 1392 animi
1176 1357 1326 1404 quietus
1346 1364 1383 1394 et

209 1411 377 1458 placatus
408 1416 526 1446 status
558 1409 730 1453 cernitur,
761 1422 877 1457 quum
914 1410 1140 1470 perturbatio
1178 1410 1282 1446 nulla
1314 1417 1381 1455 est,

156 1470 192 1502 17
210 1475 284 1511 qua
309 1463 448 1499 moveri
467 1469 590 1511 queat.
650 1463 761 1501 Quod
787 1462 817 1498 si
836 1468 916 1499 est:
945 1463 1009 1510 qui
1031 1463 1104 1498 vim
1125 1463 1298 1507 fortunae,
1318 1464 1383 1511 qui

210 1516 334 1552 omnia
352 1516 526 1559 humana,
547 1528 785 1564 quaecunque
808 1515 970 1551 accidere
991 1523 1158 1564 possunt,
1180 1516 1384 1553 tolerabilia

210 1569 332 1613 ducat,
351 1582 398 1605 ex
420 1582 496 1617 quo
516 1581 583 1604 nec
603 1569 712 1605 timor
731 1581 816 1604 eum
836 1581 904 1605 nec
930 1581 1045 1617 angor
1068 1569 1237 1617 attingat,
1265 1570 1381 1605 idem-

210 1634 282 1669 que
316 1622 345 1658 si
377 1622 471 1658 nihil
505 1622 751 1670 concupiscat,
782 1621 886 1658 nulla
922 1621 1094 1658 efferatur
1132 1622 1245 1658 animi
1281 1622 1383 1658 inani

211 1675 413 1723 voluptate,
438 1675 528 1722 quid
558 1682 624 1719 est,
655 1688 718 1711 cur
746 1675 776 1710 is
802 1687 876 1710 non
905 1675 1036 1711 beatus
1067 1674 1139 1710 sit?
1179 1682 1215 1710 et
1243 1675 1273 1711 si
1301 1675 1382 1712 haec

209 1728 345 1764 virtute
373 1729 594 1773 efficiuntur,
615 1728 705 1776 quid
728 1734 796 1772 est,
816 1740 880 1764 cur
899 1728 1014 1764 virtus
1043 1728 1122 1776 ipsa
1149 1740 1214 1776 per
1241 1741 1280 1764 se
1308 1741 1382 1765 non

208 1781 342 1817 efficiat
360 1782 487 1817 beatos
502 1781 516 1817 ’ἰ
1395 1819 1398 1826 ,

263 1833 357 1870 VII.
387 1833 438 1870 A.
469 1834 586 1882 Atqui
606 1834 763 1870 alterum
784 1834 856 1870 diei
883 1847 956 1870 non
984 1840 1117 1882 potest,
1138 1834 1230 1882 quin
1258 1834 1296 1878 ii,
1317 1834 1381 1882 qui

209 1887 302 1922 nihil
322 1894 500 1930 metuant,
529 1887 620 1922 nihil
646 1895 838 1935 angantur,
866 1887 956 1923 nihil
985 1888 1259 1935 concupiscant,
1279 1887 1383 1923 nulla

209 1939 404 1988 impotenti
432 1940 564 1976 laetitia
593 1940 802 1984 efferantur,
832 1941 930 1976 beati
959 1940 1057 1984 sint3
1097 1941 1223 1988 itaque
1252 1941 1289 1977 id
1315 1940 1382 1976 tibi

210 1993 394 2036 concedo3
426 1992 580 2028 alterum
602 2000 726 2029 autem
741 1993 820 2042 jam
840 1994 1026 2042 integrum
1047 2005 1119 2029 non
1140 2001 1210 2029 est.
1261 1994 1382 2041 Supe-

209 2045 365 2081 rioribus
391 2045 486 2080 enim
509 2044 821 2093 disputationibus
839 2047 1010 2083 effectum
1037 2054 1105 2089 est,
1125 2059 1252 2082 vacare
1281 2045 1382 2082 omni

156 2106 192 2135 18
210 2098 324 2134 animi
359 2098 633 2147 perturbatione
671 2098 887 2146 sapientem.
950 2098 1011 2136 M.
1056 2099 1240 2135 Nimirum
1271 2099 1384 2147 igitur

209 2152 375 2188 confecta
418 2164 474 2187 res
517 2157 598 2195 est3
648 2151 793 2187 videtur
827 2153 924 2188 enim
969 2152 1014 2188 ad
1057 2152 1199 2188 exitum
1238 2151 1382 2187 venisse

209 2204 381 2250 quaestio.
438 2203 489 2240 A.
520 2204 790 2252 Propemodum
820 2205 859 2240 id
887 2205 1048 2253 quidem.
1104 2203 1164 2240 M.
1196 2204 1381 2240 Verunta-

208 2267 293 2291 men
307 2257 727 2293 mathematicorumiste
739 2269 819 2292 mos
833 2265 899 2302 est,
910 2270 982 2293 non
997 2264 1050 2292 est
1064 2257 1380 2305 philosophorum.

209 2308 305 2345 Nam
336 2317 534 2357 geometra:
559 2322 673 2357 quum
697 2310 837 2357 aliquid
858 2311 986 2346 docere
1008 2309 1150 2353 volunt,
1177 2311 1206 2346 si
1227 2310 1317 2358 quid
1337 2311 1383 2347 ad

208 2374 287 2399 eam
304 2374 378 2398 rem
396 2363 555 2410 pertinet
574 2375 713 2408 eorum,
731 2375 816 2411 quae
837 2370 921 2400 ante
940 2364 1156 2407 docuerunt,
1172 2363 1209 2399 id
1229 2372 1386 2401 sumunt
