1471 2585
219 90 267 124 22
535 99 739 124 TUSCULAN
768 99 1067 125 DISPUTATIONS.
1227 83 1310 136 [66‚
1330 88 1394 128 67.

218 194 351 231 meden
382 195 428 231 ab
461 194 516 230 dis
546 199 692 242 raptum
721 194 772 230 ait
799 199 948 243 propter
968 194 1137 237 sormam,
1162 199 1206 230 ut
1233 194 1316 230 Jovi
1336 193 1394 230 bi-

218 248 304 284 bere
340 248 587 292 ministraret3
626 260 700 283 non
732 247 835 296 justa
871 260 1011 291 caussa,
1046 260 1110 283 cur
1147 247 1394 283 Laomedonti

218 308 322 337 tanta
355 301 458 338 fieret
489 301 635 350 injuria.
692 301 874 349 Fingebat
908 300 989 336 h'aec
1025 300 1212 336 Homerus
1249 308 1286 337 et
1322 300 1394 336 hu-

217 367 329 390 mana
365 355 411 390 ad
449 355 536 391 deos
573 354 839 399 transferebat3
883 354 1008 390 divina
1043 354 1191 390 mallem
1228 354 1275 390 ad
1310 366 1392 390 nos.

219 408 318 447 Quae
351 416 475 444 autem
511 407 661 444 divina?
717 407 864 457 Vigere,
895 420 1033 456 sapere,
1059 407 1236 451 invenire,
1263 407 1395 443 memi-

216 473 328 497 nlsse.

271 515 371 563 Ergo
397 514 555 558 animus,
574 514 651 562 qui,
671 521 714 551 ut
738 527 806 564 ego
832 514 925 558 dieo,
945 514 1093 550 divinus
1123 521 1190 558 est,
1220 519 1261 550 ut
1283 512 1395 550 Euri-

216 568 322 616 pides
339 568 459 604 dicere
478 569 600 613 audet,
621 569 735 613 deus3
768 575 805 604 et
822 568 983 616 quidem,
1005 568 1035 603 si
1061 568 1152 603 deus
1181 575 1244 603 aut
1272 567 1396 603 anima

217 628 283 658 aut
310 621 406 670 ignis
435 628 502 666 est,
524 622 621 658 idem
651 629 707 658 est
735 622 880 658 animus
905 621 1077 657 hominis.
1133 620 1229 656 Nam
1259 628 1303 656 ut
1331 620 1396 656 illa

216 682 349 711 natura
368 675 525 711 caelestis
555 684 593 711 et
620 681 715 711 terra
745 682 851 711 vacat
875 681 911 712 et
939 675 1104 718 humore,
1125 674 1176 710 sic
1200 674 1396 721 utriusque

216 727 347 764 harum
367 741 487 764 rerum
508 729 691 764 humanus
717 729 862 765 animus
892 735 947 764 est
973 740 1118 775 expers.
1178 727 1244 763 Sin
1270 735 1395 763 autem

217 788 274 817 est
305 781 436 829 quinta
467 783 640 829 quaedam
669 789 813 826 natura,
834 782 880 817 ab
914 781 1113 817 Aristotele
1142 781 1294 816 inducta
1319 781 1395 828 pri-

216 847 330 878 mum,
364 834 445 871 haec
475 842 512 871 et
548 835 698 871 deorum
737 842 793 871 est
829 842 865 871 et
900 835 1121 870 animorum.
1182 834 1290 870 Hanc
1327 846 1395 869 nos

216 888 437 925 sententiam
468 889 587 925 secuti
618 889 674 925 his
705 889 794 938 ipsis
825 888 946 925 verbis
971 889 1009 924 in
1037 887 1299 924 Consolatione
1324 887 1397 923 hoc

217 954 468 990 express1mus
485 955 492 979 :

158 1000 198 1030 66
269 995 443 1032 XXVII.
475 995 734 1032 “Animorum
764 995 867 1031 nulla
897 995 936 1030 in
965 994 1069 1030 terris
1105 994 1205 1043 origo
1238 993 1396 1030 inveniri

215 1054 350 1096 potest.
408 1049 519 1088 Nihil.
531 1049 629 1084 enim
659 1056 715 1085 est
744 1048 781 1084 in
811 1048 943 1084 animis
975 1047 1136 1083 mixtum
1166 1054 1278 1095 atque
1304 1060 1394 1084 con-

215 1107 369 1146 cretum,
403 1109 468 1138 aut
501 1103 603 1150 quod
632 1115 680 1138 ex
711 1108 805 1138 terra
840 1108 968 1137 natum
1006 1107 1117 1148 atque
1154 1100 1282 1136 fictum
1317 1113 1396 1137 esse

215 1154 409 1200 videatur3
441 1155 534 1191 nihil
554 1168 600 1190 ne
620 1163 685 1191 aut
703 1155 898 1191 humidum
918 1153 1068 1203 quidem
1097 1161 1162 1190 aut
1181 1153 1307 1190 flabile
1332 1160 1398 1190 aut

214 1208 379 1256 igneum.
438 1208 509 1244 His
539 1209 637 1244 enirn
664 1209 703 1244 in
735 1208 877 1244 naturis
906 1208 999 1243 nihil
1035 1208 1142 1252 inest,
1183 1207 1284 1254 quod
1321 1207 1396 1244 vim

214 1262 417 1305 memoriae,
439 1264 586 1305 mentis,
607 1262 840 1309 cogitationis
860 1261 1005 1304 habeat,
1026 1262 1127 1307 quod
1148 1266 1184 1296 et
1209 1260 1396 1308 praeterita

216 1321 339 1351 teneat
357 1322 393 1350 et
412 1315 536 1351 futura
556 1315 746 1362 provideat
765 1321 800 1350 et
819 1313 1013 1361 complecti
1034 1315 1151 1362 possit
1170 1313 1393 1361 praesentia:

215 1380 302 1415 quae
323 1368 401 1404 sola
420 1368 545 1404 divina
564 1375 663 1411 sunt,
684 1380 751 1403 nec
771 1368 980 1403 invenietur
1004 1380 1196 1414 umquam,
1217 1367 1316 1402 unde
1347 1368 1395 1415 acl

215 1421 402 1456 hominem
423 1422 545 1457 venire
566 1421 721 1468 possint,
739 1421 810 1456 nisi
827 1434 847 1456 a
864 1421 946 1456 deo.
995 1420 1199 1468 Singularis
1213 1427 1268 1456 est
1281 1420 1396 1468 igitur

215 1475 387 1521 quaedam
407 1483 539 1510 natura
558 1480 667 1522 atque
687 1474 742 1510 vis
762 1474 886 1517 animi,
909 1474 1076 1522 sejuncta
1094 1475 1139 1509 ab
1163 1473 1220 1510 his
1249 1474 1395 1510 usitatis

214 1528 388 1576 notisque
421 1528 575 1564 naturis.
634 1528 703 1571 Ita,
725 1527 900 1575 quicquid
934 1534 989 1562 est
1018 1527 1125 1570 illud,
1146 1527 1247 1575 quod
1268 1527 1393 1570 sentit,

215 1581 318 1629 quod
351 1582 457 1629 sapit,
479 1581 577 1629 quod
607 1581 709 1624 vivit,
731 1581 831 1629 quod
853 1581 962 1629 viget,
993 1580 1140 1616 caeleste
1167 1588 1202 1617 et
1225 1580 1394 1616 divinum

215 1634 263 1670 ob
283 1647 437 1682 eamque
458 1647 532 1670 rem
554 1640 736 1670 aeternum
757 1634 803 1669 sit
820 1646 968 1669 necesse
988 1641 1056 1669 est.
1106 1634 1182 1669 Nec
1200 1646 1286 1669 vero
1303 1634 1394 1670 deus

214 1687 306 1735 ipse,
328 1689 390 1736 qui
410 1688 630 1736 intelligitur
650 1700 670 1723 a
696 1688 814 1732 nobis,
836 1687 907 1723 alio
936 1687 1046 1723 modo
1074 1687 1232 1735 intelligi
1260 1693 1393 1735 potest,

215 1741 286 1776 nisi
317 1753 420 1777 mens
452 1741 574 1777 soluta
603 1741 777 1788 quaedam
808 1748 844 1776 et
873 1741 999 1784 libera,
1020 1748 1208 1788 segregata
1228 1740 1273 1776 ab
1293 1740 1395 1776 omni

215 1794 447 1830 concretione
466 1794 625 1838 mortali,
647 1794 771 1830 omnia
798 1794 960 1830 sentiens
989 1801 1025 1829 et
1053 1806 1219 1837 movens,
1239 1794 1394 1842 ipsaque

157 1855 195 1886 67
215 1847 371 1895 praedita
390 1854 495 1883 motu
516 1847 779 1896 sempiterno.''
834 1847 918 1883 Hoc
937 1859 956 1883 e
976 1860 1108 1896 genere
1128 1854 1239 1895 atque
1265 1847 1393 1882 eadem

215 1912 234 1936 e
253 1907 385 1936 natura
405 1908 460 1936 est
479 1901 642 1937 humana
660 1913 777 1938 mens.

269 1953 346 1990 Ubi
379 1954 491 2002 igitur
520 1960 584 1989 aut
615 1954 736 2001 qualis
769 1960 826 1990 est
854 1954 925 1990 ista
953 1966 1056 1990 mens
1073 1953 1221 1989 ?—Ubi
1245 1959 1310 1989 tua
1329 1959 1394 1989 aut

214 2007 365 2055 qualis?
395 2014 549 2054 potesne
568 2007 713 2043 dicere?
744 2020 802 2052 an,
824 2007 854 2043 si
882 2007 1006 2043 omnia
1035 2007 1080 2043 ad
1109 2007 1393 2055 intelligendum

213 2072 289 2096 non
322 2060 452 2104 habeo,
490 2073 575 2108 quae
610 2059 741 2096 habere
779 2061 925 2102 vellem,
956 2073 1001 2096 ne
1033 2060 1076 2096 iis
1109 2060 1272 2107 quidem,
1305 2072 1392 2108 quae

213 2113 345 2157 habeo,
366 2113 455 2149 mihi
476 2127 539 2161 per
559 2120 592 2149 te
613 2114 666 2149 uti
687 2113 813 2149 licebit
825 2113 981 2149 Y—Non
1011 2114 1110 2149 valet
1140 2120 1283 2149 tantum
1312 2113 1392 2149 ani-

213 2178 310 2210 mus,
331 2173 374 2202 ut
393 2180 430 2202 se
450 2167 570 2214 ipsum
590 2167 668 2214 ipse
691 2167 834 2211 videat3
867 2175 904 2202 at
933 2174 974 2202 ut
1005 2166 1146 2209 oculus,
1168 2166 1218 2202 sic
1245 2166 1392 2202 animus

215 2232 253 2255 se
273 2232 348 2255 non
368 2220 496 2255 videns
516 2220 588 2256 alia
608 2220 734 2256 cernit.
793 2220 877 2256 Non
894 2220 994 2255 videt
1013 2226 1148 2259 autem.
1166 2219 1265 2266 quod
1282 2219 1391 2255 mini-

215 2285 318 2308 mum
331 2279 397 2316 est,
414 2273 567 2309 formam
582 2286 709 2317 suam;
732 2273 884 2309 fortasse
899 2274 905 2309 !
929 2285 1152 2321 quamquam
1168 2272 1203 2307 id
1221 2284 1389 2320 quoque3

215 2326 280 2361 sed
309 2326 586 2373 relinquamus;
619 2326 694 2362 vim
730 2334 837 2370 certe,
877 2327 1124 2374 sagacitatem,
1162 2326 1389 2368 memoriam,

214 2384 371 2424 motum,
403 2379 625 2416 celeritatem
659 2379 771 2416 videt.
831 2380 926 2417 Haec
960 2392 1104 2428 magna,
1138 2379 1219 2416 haec
1252 2378 1389 2423 divina,
