1471 2585
192 81 242 116 90
510 90 715 116 ruchLAN
744 90 1045 115 DISPUTATIONS.
1183 74 1375 127 [80—82.

193 185 252 230 sit,
268 186 548 234 praedicandum
565 191 634 221 est.
683 185 884 234 Chrysippi
900 186 947 221 ad
961 185 1150 221 veritatem
1165 185 1377 221 firmissima

194 245 262 282 est,
282 240 328 275 ad
349 247 496 287 tempus
517 239 749 287 aegritudinis
770 239 944 275 difficilis.
1002 238 1184 286 Magnum
1206 251 1301 286 opus
1320 245 1377 274 est

193 293 347 340 probare
368 292 548 335 maerenti,
568 292 673 328 illum
694 305 760 328 suo
775 292 918 340 judicio
938 298 987 336 et,
1008 292 1110 340 quod
1130 305 1167 328 se
1191 292 1242 327 ita
1270 297 1378 340 putet

195 352 363 394 oportere
384 346 512 389 facere,
533 357 698 383 maerere.
757 346 942 382 Nimirum
962 345 1074 394 igitur
1100 353 1143 381 ut
1171 345 1207 380 in
1237 344 1376 380 caussis

194 411 269 435 non
300 412 444 447 semper
471 398 612 435 utimur
639 399 769 435 eodem
798 405 898 435 statu
928 396 998 444 (sic
1019 399 1116 434 enim
1146 398 1377 446 appellamus

194 452 527 489 controversiarum
546 451 708 501 genera),
729 453 792 488 sed
811 452 857 488 ad
875 459 1034 500 tempus,
1051 452 1097 488 ad
1116 451 1377 487 controversiae

194 512 376 549 naturam,
398 506 444 542 ad
472 518 667 554 personam
697 505 1045 542 accommodamus:
1077 505 1128 540 sic
1158 505 1194 540 in
1225 504 1377 553 aegritu-

194 558 279 594 dine
298 559 483 603 lenienda,
504 571 617 608 quam
636 559 794 607 quisque
815 558 1043 595 curationem
1063 558 1221 606 recipere
1248 558 1377 606 possit,

193 612 395 648 videndum
415 619 482 650 est.

137 673 176 702 80
249 666 322 702 Sed
338 666 461 702 neseio
477 679 550 714 quo
563 672 673 714 pacto
693 666 738 702 ab
755 679 810 710 eo,
826 665 928 713 quod
945 671 1023 701 erat
1040 678 1062 701 a
1079 671 1113 701 te
1133 664 1375 712 propositum,

194 719 376 755 aberravit
406 720 534 756 oratio.
591 719 651 755 Tu
683 719 781 755 enim
812 720 857 755 de
885 719 1049 767 sapiente
1076 718 1290 766 quaesieras,
1317 718 1377 754 cui

193 779 260 808 aut
276 772 416 808 malum
438 773 553 808 videri
570 773 717 808 nullum
735 779 869 820 potest,
889 772 988 820 quod
1010 779 1114 807 vacet
1134 771 1376 819 turpitudine,

194 831 261 861 aut
278 825 330 861 ita
348 838 504 873 parvum
525 826 678 870 malum,
699 833 743 862 ut
762 826 799 862 id
819 826 997 862 obruatur
1025 825 1206 873 sapientia
1235 824 1376 872 vixque

194 886 391 927 appareat3
432 879 498 928 qui
527 879 620 915 nihil
656 879 830 927 opinione
867 879 1019 927 affingat
1055 884 1294 925 assumatque
1330 878 1378 913 ad

195 932 468 980 aegritudinem,
490 945 557 969 nec
576 933 612 968 id
634 940 741 981 putet
760 945 840 968 esse
858 939 1012 976 rectum,
1028 944 1065 967 se
1082 944 1193 979 quam
1214 930 1377 966 maxime

195 986 400 1022 excruciari
420 987 599 1034 luctuque
616 986 760 1028 confici,
777 999 851 1034 quo
871 986 1021 1033 pravius
1042 985 1133 1020 nihil
1154 997 1232 1020 esse
1246 984 1375 1032 possit.

195 1038 360 1075 Edocuit
379 1046 501 1075 tamen
521 1040 626 1084 ratio,
648 1046 690 1075 ut
708 1039 800 1075 mihi
820 1040 971 1087 quidem
993 1038 1149 1081 videtur,
1171 1049 1288 1085 quum
1307 1037 1377 1073 hoc

194 1091 318 1140 ipsum
339 1093 483 1141 proprie
502 1105 577 1129 non
597 1100 828 1140 quaereretur
860 1092 929 1128 hoc
958 1098 1134 1139 tempore,
1156 1103 1245 1126 num
1275 1091 1378 1139 quod

195 1152 293 1181 esset
312 1146 465 1191 malum,
488 1146 559 1182 nisi
585 1147 685 1193 quod
711 1146 808 1181 idem
835 1146 908 1181 dici
935 1152 1041 1192 turpe
1070 1151 1219 1192 posset;
1253 1150 1377 1180 tamen

197 1204 239 1234 ut
257 1199 479 1244 videremus,
501 1199 679 1247 quicquid
699 1207 797 1235 esset
816 1199 852 1234 in
873 1198 1094 1246 aegritudine
1115 1197 1214 1241 mali,
1235 1197 1272 1232 id
1301 1209 1377 1233 non

195 1252 363 1288 naturale
382 1266 474 1297 esse,
495 1253 558 1288 sed
586 1252 952 1301 voluntariojudicio
981 1258 1018 1287 et
1045 1250 1229 1298 opinionis
1257 1262 1376 1286 errore

137 1315 174 1344 81
195 1312 438 1342 contractum.
497 1306 711 1341 Tractatum
742 1313 798 1341 est
827 1313 952 1340 autem
985 1317 1006 1340 a
1041 1304 1148 1339 nobis
1185 1304 1222 1339 id
1258 1315 1376 1351 genus

194 1359 438 1407 aegritudinis,
459 1359 560 1406 quod
594 1371 710 1394 unum
743 1365 799 1394 est
827 1357 995 1394 omnium
1021 1356 1242 1398 maximum,
1262 1363 1305 1392 ut
1333 1369 1376 1392 eo

194 1411 340 1448 sublato
360 1413 587 1460 reliquorum
612 1411 773 1447 remedia
801 1424 846 1447 ne
876 1423 1010 1459 magno
1039 1423 1147 1459 opere
1176 1407 1394 1458 quaerenda*

192 1465 463 1502 arbitraremur.

247 1518 437 1555 XXXIV.
469 1519 567 1554 Sunt
585 1517 684 1554 enim
704 1524 813 1560 certa,
834 1530 921 1565 quae
941 1517 986 1553 de
1014 1523 1245 1565 paupertate,
1265 1522 1376 1560 certa,

193 1583 281 1619 quae
300 1572 345 1607 de
363 1572 667 1607 vitainhonorata
682 1571 888 1619 etingloria
900 1571 971 1606 dici
986 1571 1129 1606 soleant
1145 1584 1154 1614 ;
1178 1570 1376 1618 separatim

194 1631 305 1661 certae
325 1624 462 1661 scholae
483 1631 571 1661 sunt
589 1625 634 1660 de
654 1624 798 1668 exsilio,
816 1624 861 1660 de
876 1624 1027 1660 interitu
1046 1624 1186 1672 patriae,
1201 1624 1245 1659 de
1259 1623 1375 1659 servi-

194 1685 286 1723 tute,
307 1679 353 1714 de
386 1678 589 1721 debilitate,
610 1678 655 1714 de
684 1678 861 1721 caecitate,
892 1678 937 1713 de
968 1677 1069 1713 omni
1100 1690 1200 1720 casu,
1233 1677 1270 1712 in
1301 1689 1375 1725 quo

193 1743 328 1767 nomen
350 1732 435 1780 poni
456 1732 551 1767 solet
576 1731 808 1767 calamitatis.
867 1730 963 1767 Haec
991 1730 1112 1766 Graeci
1144 1730 1181 1765 in
1211 1730 1376 1778 singulas

194 1785 338 1820 scholas
374 1792 412 1821 et
444 1785 481 1820 in
511 1785 676 1833 singulos
711 1785 825 1820 libros
860 1784 1108 1831 dispertiunt;
1147 1796 1241 1831 opus
1276 1783 1375 1818 enim

195 1844 393 1885 quaerunt;
425 1850 652 1886 quamquam
672 1838 795 1886 plenae
823 1837 1094 1885 disputationes
1121 1836 1375 1873 delectationis

137 1900 176 1929 82
195 1898 295 1928 sunt.
353 1891 405 1927 Et
425 1898 547 1927 tamen
567 1898 608 1927 ut
624 1891 757 1927 medici
777 1898 854 1927 toto
869 1903 1019 1938 corpore
1031 1890 1193 1926 curando
1210 1889 1374 1925 minimae

195 1944 306 1980 etiam
342 1944 450 1992 parti,
480 1944 509 1979 si
544 1944 746 1989 condoluit,
785 1945 1003 1980 medentur:
1042 1944 1093 1979 sic
1129 1942 1372 1991 philosophia,

195 2010 312 2046 quum
346 1998 554 2033 universam
583 1997 840 2045 aegritudinem
875 1997 1038 2041 sustulit,
1073 2004 1195 2032 tamen
1230 1996 1260 2031 si
1289 1995 1375 2042 quis

195 2063 293 2087 error
323 2051 472 2086 aliunde
505 2051 661 2095 exstitit,
692 2051 720 2086 si
752 2049 949 2099 paupertas
980 2049 1188 2091 momordit,
1209 2049 1239 2084 si
1267 2048 1374 2096 igno-

195 2104 309 2140 minia
329 2104 498 2152 pupugit,
520 2104 550 2140 si
568 2104 658 2152 quid
678 2105 912 2139 tenebrarum
941 2103 1074 2139 offudit
1101 2102 1289 2144 exsilium,
1308 2109 1375 2138 aut

195 2169 335 2201 eorum,
356 2170 442 2205 quae
462 2158 571 2193 modo
591 2156 682 2199 dixi,
703 2157 733 2192 si
753 2157 842 2204 quid
861 2156 1019 2200 exstitit,
1039 2163 1076 2192 et
1095 2155 1123 2190 si
1144 2154 1374 2203 singularum

195 2221 315 2245 rerum
346 2219 433 2246 sunt
462 2211 618 2259 propriae
648 2211 931 2253 consolationes,
953 2210 997 2245 de
1017 2209 1152 2257 quibus
1175 2208 1303 2243 audies
1333 2214 1375 2244 tu

195 2263 359 2311 quidem,
380 2276 496 2311 quum
528 2264 642 2300 voles.
701 2263 775 2299 Sed
807 2264 853 2299 ad
887 2263 1045 2299 eundem
1079 2262 1217 2297 fontem
1250 2273 1374 2296 rever-

195 2316 347 2352 tendum
362 2324 429 2359 est,
443 2317 701 2364 aegritudinem
718 2329 863 2352 omnem
882 2315 1008 2364 procul
1021 2315 1149 2351 abesse
1161 2327 1181 2350 a
1194 2314 1372 2362 sapiente,

195 2369 296 2417 quod
317 2369 436 2405 inanis
457 2371 516 2415 sit,
537 2370 638 2418 quod
657 2370 793 2407 frustra
821 2369 1054 2418 suscipiatur,
1075 2368 1175 2416 quod
1203 2380 1277 2404 non
1307 2380 1373 2404 na-
