1471 2585
79 108 141 150 55,
164 101 247 152 56.]
420 116 523 140 soor<
552 115 604 140 ιν.
626 115 743 140 οΗΑΡ.
767 106 936 141 24—26.
1189 106 1263 141 109

79 224 231 260 quoque
261 217 317 247 est
345 210 476 247 utilis?
508 211 578 247 Est
605 210 719 259 igitur
747 211 900 259 aliquid,
921 210 1021 259 quod
1050 211 1265 259 perturbata

53 304 56 307 ,
79 278 185 301 mens
205 265 337 301 melius
357 265 473 312 possit
491 264 608 300 facere
628 277 740 312 quam
762 264 965 301 constans?
995 276 1041 299 an
1065 264 1265 312 quisquam

79 325 201 368 potexst
231 318 309 353 sine
342 318 619 366 perturbatione
651 317 787 353 mentis
820 318 954 353 irasci?
1013 317 1114 352 Bene
1151 317 1265 366 igitur

79 372 206 416 nostri,
221 384 339 419 quum
361 371 485 407 omnia
504 378 628 407 essent
645 371 682 406 in
703 371 860 407 moribus
880 371 981 414 vitia,
995 372 1096 419 quod
1115 371 1264 407 nullum

44 434 52 436 ⁴
79 432 157 462 erat
175 425 365 461 iracundia
393 425 541 469 foedius,
561 425 758 460 iracundos
788 425 886 460 solos
915 437 1067 460 morosos
1094 424 1263 460 nomina-

76 485 224 515 verunt.

130 531 257 568 XXV.
290 532 485 568 Oratorem
516 544 603 567 vero
632 531 741 567 irasci
765 531 917 567 minime
944 532 1060 574 decet,
1091 531 1264 567 simulare

77 597 152 622 non
173 586 338 622 dedecet.
396 586 455 621 An
487 585 555 621 tibi
584 585 690 621 irasci
712 591 793 621 tum
824 585 1003 628 videmur,
1026 597 1142 632 quum
1173 585 1265 633 quid

77 639 116 674 in
136 639 276 675 caussis
297 639 418 675 acrius
437 647 474 675 et
500 639 759 674 vehementius
779 638 965 674 dicimus?
997 638 1114 686 quid?
1145 651 1264 686 quum

72 692 151 740 jam
180 693 290 729 rebus
320 692 514 728 transactis
542 699 578 728 et
606 692 804 740 praeteritis
839 692 1022 727 orationes
1057 692 1263 735 scribimus,

77 757 167 781 num
188 746 269 782 irati
291 746 484 782 scribimus
502 746 515 781 ?
554 745 697 795 Ecquis
713 746 777 782 hoc
793 746 1083 781 animadvertit?
1104 746 1235 781 vincite
1249 746 1265 782 l

77 811 169 835 num
190 807 255 835 aut
274 799 391 848 egisse
411 812 591 847 umquam
611 799 747 835 iratum
767 799 951 847 AEsopum
983 806 1048 835 aut
1077 799 1265 847 scripsisse

78 853 339 889 existimamus
364 853 500 889 iratum
529 852 718 889 Accium?
775 853 952 901 Aguntur
980 853 1051 888 ista
1077 852 1266 901 praeclare,

78 912 115 942 et
133 907 180 942 ab
199 914 342 942 oratore
362 907 512 954 quidem
541 906 687 948 melius,
710 906 739 942 si
768 907 879 942 modo
911 913 967 943 est
1000 913 1133 949 orator,
1153 918 1266 954 quam

78 960 124 996 ab
153 960 231 996 ullo
260 960 460 1005 histrione;
493 961 557 996 sed
590 967 752 1008 aguntur
783 960 919 996 leuiter
952 966 988 996 et
1011 965 1135 996 mente
1164 966 1265 995 tran-

78 1013 208 1061 quilla.

132 1066 345 1102 Libidinem
366 1079 451 1102 vero
470 1067 621 1102 laudare
648 1066 756 1115 cujus
784 1072 841 1102 est
868 1066 1054 1103 libidinis!
1113 1065 1266 1102 Themi-

80 1120 232 1156 stoclem
254 1120 345 1155 mihi
364 1127 400 1155 et
429 1119 725 1155 Demosthenem
753 1120 936 1168 profertis,
958 1120 1092 1155 additis
1122 1119 1266 1167 Pytha-

77 1185 217 1221 goram,
239 1173 508 1217 Democritum,
529 1173 738 1209 Platonem.
797 1173 927 1212 Quid?
958 1185 1024 1208 vos
1045 1173 1167 1208 studia
1180 1172 1266 1208 libi-

78 1226 202 1262 dinem
223 1227 392 1262 vocatis?
423 1239 509 1274 quae
539 1225 598 1262 vel
627 1226 851 1274 optimarum
881 1239 1014 1270 rerum,
1035 1233 1077 1262 ut
1102 1238 1145 1261 ea
1165 1233 1265 1269 sunt,

79 1292 165 1327 quae
191 1280 372 1328 profertis,
407 1280 533 1315 sedata
559 1287 684 1315 tamen
714 1288 750 1315 et
776 1280 977 1327 tranquilla
1005 1292 1084 1315 esse
1114 1279 1263 1316 debent.

78 1333 160 1369 Jam
191 1334 451 1381 aegritudinem
481 1333 644 1376 laudare,
666 1345 780 1368 unam
806 1346 882 1368 rem
909 1332 1074 1368 maxime
1104 1333 1264 1369 detesta-

77 1387 203 1430 bilem,
225 1399 387 1435 quorum
418 1393 475 1422 est
503 1387 654 1422 tandem
686 1386 1023 1435 philosophorum?
1080 1386 1133 1422 At
1164 1398 1264 1422 com-

77 1441 188 1476 mode
207 1441 304 1476 dixit
324 1440 524 1476 Afranius:

287 1525 472 1556 Dummodo
487 1525 594 1556 doleat
610 1525 744 1566 aliquid,
759 1525 866 1556 doleat
882 1526 1064 1566 quidlubet.

79 1598 191 1635 Dixit
220 1598 318 1634 enim
352 1599 397 1634 de
431 1599 664 1634 adolescente
697 1598 841 1646 perdito
877 1610 919 1633 ac
956 1597 1139 1633 dissoluto
1157 1611 1165 1641 ;
1197 1610 1265 1633 nos

79 1659 203 1688 autem
224 1653 269 1688 de
289 1651 475 1688 constanti
497 1651 574 1688 viro
594 1665 635 1687 ac
654 1651 811 1699 sapienti
835 1651 1052 1698 quaerimus.
1111 1651 1162 1686 Et
1181 1651 1264 1698 qui-

79 1705 163 1741 dem
190 1705 307 1753 ipsam
338 1705 442 1741 illam
475 1706 565 1741 iram
596 1705 762 1741 centurio
790 1704 925 1740 habeat
949 1711 1014 1739 aut
1034 1705 1187 1752 signifer
1205 1704 1265 1739 vel

80 1758 201 1802 ceteri,
223 1759 268 1794 de
288 1759 425 1806 quibus
446 1759 518 1794 dici
536 1771 611 1794 non
632 1770 783 1793 necesse
804 1765 871 1800 est,
894 1770 940 1792 ne
968 1756 1155 1793 rhetorum
1177 1769 1265 1805 ape-

79 1811 219 1847 riamus
241 1813 425 1860 mysteria.
484 1812 587 1847 Utile
618 1818 674 1847 est
699 1812 810 1854 enirn,
830 1811 886 1846 uti
912 1817 1018 1846 motu
1048 1811 1172 1853 animi,
1200 1811 1266 1858 qui

80 1865 136 1901 uti
155 1864 296 1900 ratione
316 1877 390 1900 non
408 1872 531 1913 potest
548 1879 557 1909 3
589 1877 657 1900 nos
677 1870 817 1908 autem,
834 1870 877 1899 ut
895 1863 1070 1900 testificor
1089 1877 1202 1913 saepe,
1219 1864 1265 1900 de

81 1918 246 1966 sapiente
267 1918 483 1965 quaerimus.

134 1971 286 2008 XXVI.
319 1972 370 2007 At
389 1971 500 2007 etiam
520 1971 687 2007 aemulari
708 1971 798 2006 utile
826 1977 894 2014 est,
915 1971 1131 2015 obtrectare,
1153 1971 1263 2006 mise-

80 2025 300 2061 reri.—Cur
330 2024 524 2060 misereare
553 2025 690 2072 potius,
725 2037 835 2073 quam
871 2025 966 2060 feras
1001 2036 1121 2072 opem,
1160 2024 1191 2059 si
1226 2023 1265 2059 id

80 2078 196 2114 facere
227 2078 375 2127 possis?
407 2090 452 2113 an
484 2078 561 2114 sine
593 2078 843 2114 misericordia
873 2077 1043 2113 liberales
1077 2089 1156 2112 esse
1188 2090 1264 2113 non

81 2131 312 2179 possumus?
343 2144 417 2167 non
438 2131 536 2166 enim
557 2131 742 2179 suscipere
762 2131 833 2180 ipsi
854 2131 1095 2179 aegritudines
1115 2136 1265 2178 propter

81 2184 173 2221 alios
192 2186 384 2227 debemus,
406 2185 469 2220 sed
490 2184 593 2227 alios,
614 2184 643 2220 si
662 2197 874 2232 possumus,
888 2185 1010 2220 levare
1028 2184 1262 2231 aegritudine.

83 2237 300 2274 Obtrectare
320 2251 406 2273 vero
430 2237 534 2273 alteri
562 2245 627 2273 aut
650 2238 713 2274 illa
742 2238 877 2273 vitiosa
905 2236 1156 2280 aemulatione,
1177 2250 1264 2285 quae

82 2291 257 2328 rivalitati
278 2291 408 2327 similis
424 2298 490 2334 est,
510 2291 678 2326 aemulari
693 2292 783 2339 quid
795 2291 906 2326 habet
924 2290 1124 2326 utilitatis?
1147 2303 1262 2339 quum

83 2344 131 2380 sit
150 2345 364 2381 aemulantis
383 2344 468 2393 angi
488 2343 608 2380 alieno
627 2344 737 2388 bono,
759 2344 860 2392 quod
888 2343 969 2391 ipse
997 2356 1073 2379 non
1102 2344 1236 2380 habeat
1253 2358 1261 2388 3

83 2397 322 2434 obtrectantis
341 2404 480 2441 autem,
502 2397 588 2446 angi
606 2397 726 2434 alieno
745 2398 856 2442 bono,
873 2397 973 2445 quod
988 2396 1026 2432 id
1041 2397 1151 2433 etiam
1170 2397 1264 2433 alius

1032 2464 1053 2488 1.

1284 539 1322 567 55

1284 1980 1323 2009 56
