1471 2585
46 117 237 169 91—93.]
385 130 489 154 BOOK
518 130 545 154 1.
574 129 692 154 cHAP.
723 119 892 157 37—39.
1179 121 1225 156 31

48 227 197 270 animal,
215 225 316 274 quod
335 224 459 267 fuerit,
475 223 615 260 factum
629 236 708 260 esse
722 224 828 268 nihil,
842 223 873 260 is
890 223 999 271 plane
1019 223 1227 272 perspiciet,

47 282 144 318 inter
171 279 532 327 Hippocentaurum,
558 277 622 324 qui
651 290 857 325 numquam
884 276 1006 319 fuerit,
1041 284 1078 312 et
1105 290 1229 325 regem

48 335 368 383 Agamemnonem
398 331 492 366 nihil
521 331 711 374 interesse,
741 343 809 367 nec
837 330 956 378 pluris
981 342 1081 365 nunc
1111 330 1229 367 facere

50 388 106 424 M.
139 385 340 423 Camillum
372 384 441 420 hoc
478 384 586 420 civile
615 384 769 429 bellum,
801 396 915 432 quam
946 396 1014 431 ego
1048 383 1134 419 vivo
1164 384 1229 419 illo

42 440 195 477 ⁴fecerim
218 439 377 475 Romam
398 444 556 486 captam.

101 494 178 530 Cur
194 493 309 541 igitur
331 498 367 528 et
388 491 567 528 Camillus
587 490 740 533 doleret,
771 490 801 526 si
827 489 908 526 haec
937 496 1021 537 post
1047 496 1230 526 trecentos

49 554 86 583 et
109 546 383 595 quinquaginta
409 545 483 580 fere
516 557 632 580 annos
667 550 846 580 eventura
878 543 1052 590 putaret?
1093 550 1130 579 et
1163 556 1230 591 ego

49 600 207 643 doleam,
238 599 269 634 si
297 599 342 635 ad
373 599 500 634 decem
530 597 646 634 millia
678 609 859 634 annorum
888 604 1037 645 gentem
1068 597 1232 645 aliquam

49 654 179 690 urbem
206 659 368 689 nostram
398 652 598 700 potituram
627 650 787 699 putem?
846 650 945 688 Quia
974 657 1076 685 tanta
1102 651 1233 686 caritas

49 707 180 755 patriae
201 713 269 749 est,
290 712 332 742 ut
355 718 436 742 eam
462 717 537 740 non
566 717 677 741 sensu
706 711 845 747 nostro,
875 703 939 739 sed
969 704 1088 739 salute
1115 704 1233 751 ipsius

50 761 259 797 metiamur.

103 812 340 850 XXXVIII.
373 811 506 860 Itaque
523 824 596 847 non
615 812 774 848 deterret
793 810 996 859 sapientem
1016 823 1126 853 mors,
1148 823 1233 858 quae
1253 817 1289 847 91

50 874 202 916 propter
228 867 388 902 incertos
419 878 526 901 casus
555 865 721 913 quotidie
752 864 934 907 imminet,
967 871 1118 912 propter
1150 864 1235 899 bre-

50 921 206 957 vitatem
232 920 320 955 vitae
349 931 555 967 numquam
575 924 699 966 potest
717 918 827 966 longe
856 918 995 961 abesse,
1017 930 1091 965 quo
1111 917 1235 953 minus

51 974 90 1010 in
116 986 225 1010 omne
245 980 393 1021 tempus
413 973 465 1008 rei
484 972 647 1020 publicae
667 972 820 1019 suisque
842 971 1026 1014 consulat,
1047 978 1089 1006 ut
1108 976 1234 1018 poste-

52 1028 198 1063 ritatem
230 1027 361 1075 ipsam,
389 1025 495 1074 cujus
527 1038 678 1061 sensum
707 1025 902 1061 habiturus
931 1037 1007 1060 non
1038 1024 1095 1068 sit,
1124 1024 1171 1059 ad
1198 1036 1235 1059 se

52 1087 160 1129 putet
180 1081 374 1128 pertinere.
433 1079 558 1117 Quare
576 1079 664 1114 licet
683 1078 793 1114 etiam
822 1078 1017 1113 mortalem
1046 1090 1125 1113 esse
1155 1076 1235 1113 ani-

53 1147 158 1170 mum
174 1133 405 1182 judicantem
426 1139 566 1168 aeterna
592 1131 726 1175 moliri,
757 1143 832 1167 non
861 1131 989 1179 gloriae
1019 1131 1235 1178 cupiditate,

55 1200 169 1235 quam
199 1198 377 1222 sensurus
401 1198 476 1221 non
510 1185 569 1229 sit,
602 1185 667 1221 sed
699 1184 860 1227 virtutis,
887 1196 998 1232 quam
1033 1184 1237 1219 necessario

54 1240 184 1289 gloria,
214 1240 325 1275 etiam
352 1239 382 1274 si
408 1245 450 1274 tu
478 1238 516 1274 id
544 1251 619 1274 non
649 1251 748 1286 agas,
777 1244 1037 1284 consequatur.
1096 1237 1240 1272 Natura

56 1306 142 1330 vero
173 1306 211 1329 se
241 1293 293 1329 sic
322 1293 446 1336 habet,
473 1298 528 1334 ut,
553 1305 627 1339 quo
660 1291 771 1327 modo
801 1290 948 1326 initium
979 1290 1086 1326 nobis
1116 1302 1238 1326 rerum

56 1347 224 1383 omnium
261 1353 364 1382 ortus
401 1352 526 1381 noster
560 1345 699 1388 afferat,
736 1344 787 1380 sic
824 1343 969 1379 exitum
1003 1356 1114 1379 mors.
1184 1343 1240 1378 Ut

56 1400 151 1436 nihil
169 1399 348 1448 pertinuit
367 1399 412 1434 ad
433 1411 501 1434 nos
518 1405 603 1434 ante
623 1405 758 1441 ortum,
779 1397 830 1433 sic
856 1397 948 1432 nihil
976 1405 1059 1444 post
1083 1402 1240 1432 mortem

57 1454 269 1502 pertinebit.
327 1453 372 1488 In
393 1465 467 1500 quo
493 1452 582 1500 quid
610 1458 734 1500 potest
760 1463 839 1486 esse
867 1450 967 1494 mali,
995 1463 1112 1498 quum
1141 1462 1240 1485 mors

59 1520 127 1543 nec
154 1508 200 1543 ad
231 1507 336 1542 vivos
365 1506 546 1554 pertineat
573 1517 641 1541 nec
669 1505 715 1540 ad
743 1503 940 1540 mortuos?
997 1504 1119 1539 Alteri
1146 1503 1242 1539 nulli

61 1567 160 1605 sunt,
181 1560 314 1596 alteros
332 1572 407 1595 non
428 1559 596 1607 attinget.

113 1614 235 1653 Quam
258 1613 324 1661 qui
342 1613 518 1648 leviorem
538 1612 692 1654 faciunt,
714 1611 834 1646 somni
861 1609 1088 1645 simillimam
1108 1609 1241 1645 volunt
1260 1616 1300 1646 92

60 1680 139 1703 esse
157 1682 166 1712 ;
198 1667 304 1715 quasi
325 1679 410 1702 vero
430 1665 626 1714 quisquam
646 1665 699 1700 ita
717 1663 918 1711 nonaginta
939 1675 1054 1698 annos
1076 1663 1166 1698 velit
1184 1663 1240 1698 vi-

59 1733 155 1764 vere,
176 1728 230 1763 ut,
258 1732 376 1768 quum
408 1720 603 1767 sexaginta
632 1717 839 1760 confecerit,
869 1716 1030 1764 reliquos
1059 1715 1239 1751 dormiat!

59 1773 118 1810 Ne
151 1775 207 1809 sui
239 1773 388 1821 quidem
420 1772 458 1808 id
478 1772 606 1815 velint,
635 1783 708 1806 non
738 1771 848 1806 modo
875 1769 966 1817 ipse.
1026 1769 1243 1817 Endymion

60 1840 160 1870 vero,
182 1827 212 1862 si
240 1826 386 1862 fabulas
412 1825 538 1861 audire
565 1825 750 1867 volumm,
772 1830 828 1866 ut,
859 1822 983 1858 nescio
1013 1822 1175 1869 quando,
1202 1822 1243 1858 in

61 1880 196 1917 Latmo
216 1879 453 1922 obdormivit,
471 1878 535 1925 qui
554 1884 611 1913 est
628 1889 736 1912 mons
753 1876 886 1920 Cariae,
903 1876 1084 1919 nondum,
1099 1876 1240 1923 opinor,

61 1941 118 1969 est
137 1940 390 1981 experrectus.
447 1931 549 1967 Num
567 1931 681 1979 igitur
699 1942 785 1966 eum
814 1942 940 1965 curare
963 1942 1103 1972 censes,
1124 1941 1243 1976 quum

61 1987 171 2022 Luna
189 1987 360 2022 laboret?
391 1998 411 2020 a
440 1997 516 2032 qua
543 1983 760 2031 consopitus
787 1989 952 2031 putatur,
973 1990 1015 2018 ut
1043 1994 1129 2017 eum
1158 1982 1243 2017 dor-

61 2040 238 2076 mientem
256 2039 498 2076 oscularetur.
557 2037 660 2075 Quid
681 2042 784 2072 curet
802 2042 940 2080 autem,
963 2035 1027 2083 qui
1055 2048 1102 2070 ne
1131 2035 1245 2070 sentit

62 2093 242 2142 quidem?
300 2092 429 2128 Habes
464 2102 637 2126 somnum
672 2089 871 2138 imaginem
909 2088 1050 2131 mortis,
1088 2100 1244 2136 eamque

62 2146 228 2195 quotidie
247 2146 370 2181 induis
389 2158 397 2181 :
427 2152 463 2180 et
483 2143 643 2187 dubitas,
664 2143 755 2190 quin
775 2155 904 2178 sensus
923 2142 961 2177 in
980 2148 1096 2176 morte
1116 2141 1245 2177 nullus

63 2200 122 2243 sit,
143 2211 258 2247 quum
279 2199 317 2234 in
337 2199 416 2246 ejus
438 2196 632 2232 simulacro
651 2196 779 2232 videas
798 2208 877 2231 esse
896 2194 1044 2230 nullum
1066 2193 1242 2230 sensum?

115 2252 306 2288 XXXIX.
339 2251 532 2287 Pellantur
565 2262 651 2298 ergo
680 2250 764 2285 istae
792 2248 944 2296 ineptiae
976 2260 1084 2295 paene
1115 2248 1243 2292 aniles,
1264 2255 1302 2283 93

64 2312 148 2342 ante
169 2312 316 2353 tempus
336 2304 426 2340 mori
448 2302 623 2338 miserum
636 2315 728 2338 esse.
775 2301 888 2339 Quod
903 2302 1052 2336 tandem
1068 2300 1244 2349 tempus?

64 2358 296 2395 Naturaene?
353 2359 406 2394 At
424 2369 466 2392 ea
485 2356 634 2404 quidem
655 2355 757 2392 dedit
774 2366 924 2391 usuram
944 2353 1032 2389 vitae
1053 2361 1246 2402 tamquam

66 2412 247 2460 pecuniae,
268 2411 374 2448 nulla
405 2409 618 2458 praestituta
649 2409 720 2445 die.
777 2407 881 2447 Quid
910 2414 967 2444 est
995 2407 1120 2455 igitur,
1146 2406 1246 2453 quod
