1471 2585
87 98 277 150 36—39.]
412 112 517 136 BOOK
548 111 602 136 xv.
633 73 751 136 C-HAP·
786 102 953 140 15——17.
1201 104 1273 139 103

86 220 170 244 rum
189 220 295 244 mens
319 207 492 243 abhorret
518 219 539 243 a
564 206 718 249 ratione,
747 219 892 255 semper
918 207 1033 255 aliqui
1058 207 1141 243 talis
1162 215 1278 243 terror

57 294 60 297 Α
85 261 289 309 impendet.
347 261 476 307 Atque
496 268 538 296 ut
558 260 617 296 hae
638 260 799 296 tabificae
819 260 955 296 mentis
976 261 1274 309 perturbationes

87 322 186 357 sunt,
216 314 479 362 aegritudinem
510 314 591 349 dico
625 320 661 349 et
689 321 855 349 metum:
892 315 942 349 sic
971 314 1161 349 hilariores
1185 314 1275 357 illae,

87 368 269 415 cupiditas
297 367 404 402 avide
435 379 581 415 semper
608 366 751 414 aliquid
775 374 957 415 expetens
988 375 1023 403 et
1050 367 1169 402 inanis
1199 367 1277 403 ala-

46 424 54 426 “
86 420 206 464 critas,
236 421 274 455 id
301 427 357 455 est
385 420 518 456 laetitia
544 420 721 468 gestienS‚
749 432 822 455 non
851 420 1012 456 multum
1035 420 1212 456 differunt
1232 421 1277 456 ab

78 473 263 517 amentia.
323 473 385 509 Ex
407 486 481 521 quo
502 473 734 521 intelligitur,
757 473 877 521 qualis
903 474 963 509 ille
985 475 1042 517 sit,
1065 487 1177 522 quem
1197 482 1276 509 tum

86 527 332 571 moderatum,
371 527 462 562 alias
496 529 719 569 modestum,
755 533 834 562 tum
873 533 1153 574 temperantem,
1187 527 1278 563 alias

88 587 318 616 constantem
338 581 665 627 continentemque
684 579 864 622 dicimus3
891 592 1173 627 nonnumquam
1196 581 1278 617 haec

88 633 216 669 eadem
257 634 440 669 vocabula
476 634 521 669 ad
557 633 780 681 frugalitatis
817 645 966 677 nomen,
1006 641 1194 681 tamquam
1233 635 1279 669 ad

89 694 212 734 caput,
245 688 375 723 referre
402 687 591 723 volumus,
650 686 836 725 Quodnisi
867 699 909 722 eo
940 688 1091 722 nomine
1121 687 1279 723 virtutes

89 740 378 784 continerentur,
400 753 606 788 numquam
627 740 679 775 ita
705 740 968 788 pervulgatum
990 740 1085 776 illud
1108 747 1217 784 esset,
1237 747 1281 776 ut

85 792 161 841 Jam
183 794 366 842 proverbii
380 794 504 829 locum
521 793 715 836 obtineret,
736 793 908 829 hominem
920 795 1027 842 fruyi
1046 795 1162 829 omnia
1183 800 1280 830 recte

81 849 225 894 faeere.
296 848 410 886 Quod
440 848 537 883 idem
567 859 684 894 quum
716 846 833 882 Stoici
864 848 909 882 de
940 848 1106 895 sapiente
1137 847 1278 890 dicunt,

89 900 200 935 nimis
219 901 485 936 admirabiliter
502 901 688 948 nimisque
708 900 903 948 magnifice
924 901 1044 935 dicere
1065 901 1250 936 videntur.

142 953 277 990 XVII.
322 954 421 1001 Ergo
450 954 520 996 hic,
556 953 728 1001 quisquis
763 960 830 997 est,
865 954 929 1001 qni
960 954 1214 989 moderatione
1244 959 1280 990 et

90 1007 299 1043 constantia
313 1008 462 1055 quietus
483 1007 607 1042 animo
623 1015 679 1042 est
693 1007 838 1054 sibique
854 1007 933 1055 ipse
952 1007 1132 1054 placatus,
1148 1013 1192 1042 ut
1211 1020 1278 1043 nec

90 1061 255 1095 tabescat
276 1060 455 1096 molestiis
477 1073 544 1095 nec
560 1060 751 1108 frangatur
767 1060 897 1096 timore
919 1073 985 1095 nec
1004 1061 1171 1096 sitienter
1189 1060 1280 1108 quid

92 1120 272 1161 expetens
305 1114 431 1148 ardeat
462 1113 644 1148 desiderio
674 1126 742 1148 nec
769 1113 960 1148 alacritate
989 1114 1087 1149 sutili
1117 1114 1280 1161 gestiens

91 1166 332 1214 deliquescat,
357 1167 387 1201 is
408 1173 464 1202 est
484 1167 644 1214 sapiens,
665 1179 776 1214 quem
798 1166 1018 1213 quaerimus,
1048 1166 1079 1202 is
1109 1174 1165 1201 est
1191 1167 1279 1202 bea-

91 1226 178 1264 tus;
219 1220 278 1255 cui
309 1220 401 1255 nihil
430 1220 678 1255 humanarum
714 1231 837 1254 rerum
871 1227 937 1254 aut
967 1219 1199 1255 intolerabile
1234 1220 1280 1254 ad

92 1273 364 1309 demittendum
390 1274 554 1308 animum
583 1279 648 1308 aut
666 1272 777 1308 nimis
797 1272 963 1308 laetabile
984 1273 1030 1308 ad
1051 1273 1281 1308 efferendum

91 1327 207 1362 videri
227 1334 362 1375 potest.
421 1326 523 1365 Quid
547 1325 645 1361 enim
666 1326 838 1361 videatur
857 1325 891 1361 ei
912 1338 1088 1374 magnum
1109 1326 1147 1361 in
1170 1326 1281 1362 rebus

91 1379 278 1422 humanis,
300 1380 358 1416 cni
379 1380 567 1415 aeternitas
591 1379 712 1414 omnis
738 1379 929 1427 totiusque
958 1379 1089 1414 mundi
1118 1386 1208 1414 uota
1234 1379 1282 1415 sit

92 1433 343 1481 magnitudo?
402 1433 498 1469 Nam
520 1432 611 1480 quid
631 1439 696 1467 aut
725 1433 762 1468 in
791 1433 922 1468 studiis
951 1432 1125 1468 humanis
1153 1439 1218 1468 aut
1242 1432 1280 1467 in

92 1493 167 1522 tam
188 1487 326 1534 exigua
340 1487 521 1522 brevitate
537 1485 625 1521 vitae
643 1498 820 1534 magnum
839 1486 995 1533 sapienti
1015 1485 1128 1521 videri
1145 1492 1279 1533 potest,

93 1539 158 1587 qui
179 1552 324 1587 semper
344 1540 466 1575 animo
493 1540 545 1575 sic
574 1539 749 1582 excubat,
781 1546 824 1574 ut
849 1540 882 1574 ei
914 1539 1007 1574 nihil
1034 1539 1279 1586 improvisum

93 1593 256 1629 accidere
298 1594 425 1641 possit,
465 1592 557 1628 nihil
592 1592 840 1640 inopinatum,
883 1592 976 1627 nihil
1019 1592 1171 1627 omnino
1213 1604 1280 1627 no-

93 1646 212 1682 vum?
269 1647 397 1694 Atque
430 1646 528 1681 idem
561 1645 613 1681 ita
639 1658 759 1681 acrem
791 1645 828 1680 in
860 1658 988 1680 omnes
1015 1655 1136 1692 partes
1164 1645 1280 1680 aciem

95 1699 266 1743 intendit,
288 1707 329 1735 ut
345 1712 491 1747 semper
510 1699 634 1734 videat
655 1699 777 1734 sedem
801 1698 928 1733 sibiae
950 1699 1073 1733 locum
1095 1699 1173 1733 sine
1198 1710 1280 1733 mo-

93 1752 204 1787 lestia
223 1760 335 1799 atque
355 1765 490 1800 angore
519 1752 679 1795 vivendi,
700 1759 756 1794 ut,
777 1763 1039 1798 quemcunque
1060 1763 1186 1787 casum
1206 1751 1279 1787 for-

96 1799 186 1841 tuna
215 1805 413 1849 invexerit,
447 1805 546 1840 hunc
577 1812 662 1852 apte
692 1811 729 1840 et
756 1805 880 1852 quiete
909 1804 1014 1840 ferat.
1073 1805 1188 1843 Quod
1216 1804 1282 1852 qui

95 1859 215 1902 faciet,
250 1871 325 1894 non
358 1858 580 1906 aegritudine
617 1858 739 1893 solum
770 1857 926 1901 vacabit,
959 1859 1022 1893 sed
1053 1858 1163 1893 etiam
1197 1870 1280 1906 per-

95 1911 372 1948 turbationibus
410 1911 564 1959 reliquis
603 1911 789 1946 omnibus.
862 1910 932 1946 His
977 1918 1101 1947 autem
1140 1923 1280 1946 vacuus

95 1965 242 2000 animus
263 1965 421 2013 perfecte
451 1971 563 2011 atque
592 1964 762 1999 absolute
795 1964 922 1999 beatos
954 1965 1077 2007 eflicit,
1107 1964 1281 2011 idemque

96 2018 302 2054 concitatus
322 2024 359 2053 et
379 2018 587 2052 abstractus
617 2017 662 2052 ab
684 2017 826 2064 integra
850 2024 1023 2064 certaque
1043 2017 1184 2052 ratione
1205 2029 1280 2052 non

96 2071 341 2107 constantiam
362 2070 483 2106 solum
504 2070 651 2113 amittit,
672 2082 800 2106 verum
821 2070 930 2106 etiam
952 2071 1162 2106 sanitatem.

150 2124 335 2163 Quocirca
364 2123 486 2159 mollis
516 2129 553 2158 et
581 2130 755 2159 enervata
779 2124 945 2171 putanda
975 2131 1031 2158 est
1058 2122 1280 2170 Peripateti-

97 2190 222 2212 corum
256 2177 348 2213 ratio
386 2184 423 2213 et
457 2176 585 2219 oratio,
616 2176 681 2224 qui
718 2177 924 2222 perturbari
955 2176 1099 2211 animos
1132 2188 1281 2211 necesse

97 2230 226 2266 dicunt
245 2243 337 2274 esse,
367 2231 431 2265 sed
457 2229 635 2265 adhibent
660 2230 813 2265 modum
833 2231 1032 2276 quendam,
1054 2241 1163 2277 quem
1185 2229 1283 2265 ultra

97 2283 267 2331 progredi
296 2296 368 2319 non
399 2288 578 2332 oporteat.
637 2283 794 2319 Modum
826 2289 865 2317 tu
898 2281 1051 2317 adhibes
1078 2282 1199 2318 vitio?
1234 2294 1279 2317 an

96 2336 231 2372 vitium
251 2337 399 2372 nullum
427 2344 483 2372 est
511 2348 584 2371 non
615 2348 741 2383 parere
760 2334 921 2371 rationi?
958 2347 1004 2370 an
1029 2335 1122 2371 ratio
1151 2347 1282 2383 parum

98 2389 278 2437 praecipit,
316 2401 384 2425 nec
414 2390 555 2426 bonum
587 2388 681 2425 illud
716 2401 807 2432 esse,
839 2388 939 2436 quod
969 2395 1036 2424 aut
1067 2388 1195 2436 cupias
1225 2400 1283 2423 ar-

1297 268 1336 297 36

1300 961 1316 989 2¹9

1324 974 1331 991 “
1322 961 1338 968 Ι

1301 1654 1340 1682 38

1303 2290 1341 2319 39
