1471 2585
182 87 255 123 108
508 95 714 120 ruscorum
742 95 1043 121 mspurxrrons.
1193 80 1278 133 [53,
1298 87 1362 122 54.

180 192 343 240 spiritus,
364 190 585 239 impotentia
605 190 788 226 dictorum
817 203 858 226 ac
877 190 1058 227 factorum
1087 202 1200 238 quam
1221 196 1365 238 partem

180 244 320 281 habent
340 244 534 280 sanitatis?
591 243 694 283 Quid
713 244 860 280 Achille
882 244 1082 280 Homerico
1102 243 1252 285 foedius,
1272 243 1365 291 quid

181 298 464 346 Agamemnone
498 297 535 332 in
564 297 716 346 jurgio?
745 309 830 333 nam
860 296 1017 345 Ajacem
1049 297 1199 345 quidem
1236 297 1290 332 ira
1317 296 1365 332 ad

181 352 342 387 furorem
380 357 612 398 mortemque
649 351 838 398 perduxit.
907 350 991 386 Non
1029 350 1144 398 igitur
1179 349 1365 386 desiderat

181 405 358 440 fortitudo
395 404 611 439 advocatam
648 404 902 446 iracundiam3
945 403 1034 439 satis
1071 410 1127 439 est
1168 402 1363 446 instructa,

181 465 320 506 parata,
342 465 482 492 armata
501 469 566 505 per
585 469 675 493 sese.
734 457 832 492 Nam
860 457 931 492 isto
960 457 1070 492 modo
1097 456 1248 503 quidem
1278 456 1366 492 licet

182 511 313 554 dicere,
333 510 462 546 utilem
487 510 728 546 vinolentiam
748 510 793 546 ad
814 510 1081 554 fortitudinem,
1101 509 1232 545 utilem
1252 510 1365 545 etiam

182 563 419 607 dementiam,
440 564 539 612 quod
559 571 596 600 et
615 563 736 599 insani
765 570 802 599 et
830 563 921 598 ebrii
948 562 1065 598 multa
1094 562 1236 599 faciunt
1263 575 1365 610 saepe

180 616 449 653 vehementius.
509 618 662 665 Semper
682 616 783 665 Ajax
802 616 919 660 fortis,
940 616 1162 652 fortissimus
1183 624 1305 652 tamen
1326 616 1364 651 in

180 670 302 706 furore
319 684 327 706 :

244 738 329 768 Nam
345 737 470 768 facinus
486 737 563 768 fecit
578 740 779 777 maxumum,
795 747 906 777 quum,
923 737 1045 767 Danais
1060 736 1301 776 inclinantibus,

123 793 162 821 53
243 781 411 811 Summam
427 791 495 810 rem
512 781 648 821 perfecit
664 791 773 819 manu,
789 781 934 812 restituit
949 781 1100 820 proeliuin
1117 780 1291 810 insaniens.

231 842 383 879 XXIV,
420 842 599 878 Dicamus
636 842 753 891 igitur
787 842 919 878 utilem
956 841 1169 877 insaniam?
1233 840 1367 877 Tracta

179 895 415 931 definitiones
446 896 700 932 fortitudinis:
730 895 929 943 intelliges,
957 907 1037 930 eam
1070 894 1260 930 stomacho
1289 906 1366 930 non
1393 914 1396 915 ν

179 961 299 997 egere.
357 949 551 984 Fortitudo
581 955 637 984 est
666 949 778 997 igitur
803 949 947 985 affectio
971 948 1084 984 animi
1113 947 1185 995 legi
1206 959 1365 983 summae

178 1001 217 1037 in
237 1002 486 1049 perpetiendis
506 1002 616 1037 rebus
647 1003 919 1050 obtemperans,
942 1002 997 1036 vel
1029 1000 1261 1037 conservatio
1290 1006 1366 1036 sta-

179 1055 265 1090 bilis
293 1055 424 1103 judicii
458 1055 494 1090 in
529 1056 580 1090 eis
610 1056 734 1099 rebus,
767 1068 854 1103 quae
891 1054 1141 1091 formidolosae
1180 1053 1365 1097 videntur,

179 1108 384 1144 subeundis
410 1115 446 1143 et
473 1109 707 1156 repellendis,
736 1109 793 1144 vel
824 1108 978 1144 scientia
1001 1120 1121 1143 rerum
1151 1106 1366 1142 formidolo-

180 1173 303 1197 sarum
325 1161 665 1209 contrariarumque
685 1169 750 1198 aut
769 1162 921 1197 omnino
950 1160 1256 1209 negligentiarum
1277 1171 1367 1195 con-

181 1226 332 1250 servans
362 1227 486 1250 earum
516 1227 637 1250 rerum
668 1215 800 1251 stabile
824 1214 1021 1263 judicium,
1053 1214 1110 1249 vel
1140 1213 1304 1256 brevius,
1325 1219 1368 1249 ut

182 1267 572 1316 ChrysippuS‚—nam
592 1268 798 1316 superiores
818 1268 1053 1303 definitiones
1082 1273 1186 1302 erant
1206 1265 1366 1313 Sphaeri,

179 1320 342 1356 hominis
355 1322 390 1356 in
412 1321 540 1369 primis
556 1321 650 1356 bene
666 1321 890 1364 definientis,
907 1327 949 1356 ut
967 1327 1098 1368 putant
1116 1319 1254 1362 Stoici;
1278 1327 1368 1355 sunt

180 1374 278 1409 enim
294 1373 447 1409 omnino
464 1386 592 1409 omnes
606 1375 680 1409 fere
697 1374 847 1417 similes,
862 1374 925 1409 sed
941 1373 1130 1409 declarant
1150 1385 1394 1416 communes„

179 1427 350 1462 notiones
370 1427 441 1462 alia
461 1426 577 1474 magis
597 1427 669 1462 alia
683 1439 824 1474 ;--quo
843 1427 954 1462 modo
975 1426 1087 1475 igitur
1104 1425 1366 1474 Chrysippus?

180 1479 378 1515 Fortitudo
399 1488 464 1520 est,
492 1479 626 1528 inquit,
648 1480 800 1515 scientia
827 1492 951 1516 rerum
980 1479 1279 1527 perferendarum
1309 1478 1365 1515 vel

180 1532 326 1568 affectio
360 1533 473 1568 animi
506 1533 544 1568 in
576 1533 748 1580 patiendo
779 1546 820 1568 ac
852 1533 1068 1581 perferendo
1103 1544 1260 1568 summae
1294 1532 1368 1581 legi

180 1598 314 1633 parens
335 1586 413 1620 sine
435 1586 576 1621 timore.
634 1586 816 1625 Quamvis
836 1586 923 1622 licet
950 1586 1176 1621 insectemur
1204 1586 1307 1628 istos,
1327 1591 1368 1622 ut

183 1639 390 1675 Carneades
412 1639 576 1675 solebat:
599 1646 737 1682 metuo,
753 1652 798 1675 ne
818 1640 885 1675 soli
907 1638 1115 1687 philosophi
1129 1638 1216 1674 sint.
1265 1639 1366 1677 Quae

181 1692 279 1728 enim
300 1693 452 1727 istarum
474 1692 731 1728 definitionum
753 1705 828 1728 non
848 1692 965 1740 aperit
984 1692 1171 1727 notionem
1189 1698 1367 1736 nostram,

181 1757 294 1793 quam
313 1745 494 1781 habemus
513 1758 642 1781 omnes
660 1746 705 1781 de
725 1746 941 1781 fortitudine
967 1752 1099 1781 tectam
1129 1753 1240 1792 atque
1259 1745 1367 1781 invo-

181 1798 325 1834 lutam?
357 1811 430 1846 qua
451 1806 587 1846 aperta,
609 1799 694 1846 quis
714 1806 781 1841 est,
802 1799 868 1847 qui
887 1805 949 1834 aut
969 1798 1138 1834 bellatori
1168 1805 1232 1834 aut
1249 1798 1366 1845 impe-

180 1851 292 1886 ratori
312 1859 375 1886 aut
394 1851 527 1887 oratori
541 1859 684 1899 quaerat
697 1852 836 1900 aliquid
857 1864 978 1900 neque
996 1864 1058 1887 eos
1076 1851 1268 1887 existimet
1287 1851 1366 1887 sine

180 1904 282 1940 rabie
297 1905 496 1952 quicquam
515 1905 657 1940 fortiter
671 1905 787 1941 facere
807 1918 915 1953 posse
930 1906 944 1941 ’ἶ

126 1964 165 1992 54
237 1956 368 1995 Quid?
412 1957 539 2000 Stoici,
580 1959 643 2005 qui
682 1971 810 1994 omnes
846 1958 1063 2006 insipientes
1100 1958 1251 1993 insanos
1286 1968 1366 1993 esse

181 2010 324 2053 dicunt,
353 2023 476 2045 nonne
505 2010 575 2046 ista
603 2011 815 2059 colligunt?
874 2012 1042 2047 Remove
1072 2009 1366 2059 perturbationes

182 2059 422 2112 maximet'lue
441 2063 669 2100 iracundiam
688 2064 790 2111 :jam
813 2064 1036 2100 videbuntur
1055 2070 1219 2099 monstra
1232 2063 1364 2099 dicere.

182 2115 295 2151 Nunc
325 2126 450 2152 autem
479 2116 531 2151 ita
560 2117 757 2161 disserunt,
779 2118 830 2153 sic
857 2130 895 2153 se
923 2118 1052 2158 dicere,
1072 2128 1201 2152 omnes
1231 2115 1367 2152 stultos

181 2169 353 2211 insanire,
375 2178 417 2205 ut
436 2169 531 2205 male
551 2169 649 2206 olere
669 2182 778 2205 omne
804 2170 1077 2207 coenum.-At
1104 2181 1178 2204 non
1208 2180 1364 2217 semper.

183 2222 454 2267 ——Commove,
476 2223 625 2258 senties.
683 2222 744 2258 Sic
764 2223 964 2260 iracundus
983 2234 1058 2259 non
1087 2234 1231 2270 semper
1249 2221 1366 2258 iratus

183 2280 264 2318 est3
296 2274 446 2318 lacesse,
461 2275 540 2324 jam
560 2275 702 2311 videbis
721 2276 917 2312 furentem.

237 2327 368 2366 Quid?
397 2328 469 2364 ista
500 2329 671 2364 bellatrix
699 2329 899 2374 iracundia,
922 2340 1039 2377 quum
1067 2328 1220 2363 domum
1244 2328 1365 2372 rediit,

182 2380 306 2428 qualis
326 2386 382 2416 est
400 2393 485 2417 cum
505 2394 636 2427 uxore,
657 2393 741 2419 cum
759 2381 897 2427 liberis,
919 2394 1002 2418 cum
1022 2381 1186 2418 familia?
1216 2393 1263 2417 an
1283 2387 1365 2417 tum
