1471 2585
70 98 262 150 62—65.]
471 112 575 137 BOOK
595 112 621 137 1.
644 113 761 138 anP.
785 103 848 138 26.
1198 106 1244 141 21

70 208 204 244 detur?
234 213 298 243 aut
317 207 380 255 qui
400 207 555 256 primUS,
577 208 677 256 quod
705 220 863 244 summae
892 208 1083 257 sapientiae
1104 209 1246 257 Pytha-

53 274 170 309 ,gorae
190 260 311 296 visum
337 267 403 304 est,
425 261 596 297 omnibus
626 262 736 298 rebus
766 262 943 310 imposuit
972 263 1154 298 nomina?
1184 271 1249 299 aut
1267 270 1306 300 62

71 314 135 363 qui
153 314 350 362 dissipatos
369 314 537 350 homines
557 315 793 363 congregavit
813 323 848 352 et
868 316 913 351 ad
934 315 1146 351 societatem
1160 317 1248 354 vitae

71 367 317 403 convocavit?
348 375 412 403 aut
431 368 496 416 qui
516 380 626 404 sonos
644 369 758 412 vocis,
779 369 843 417 qui
862 369 996 404 infiniti
1014 369 1248 414 videbantur,

48 421 195 468 ‘paucis
225 421 430 457 litterarum
462 421 560 457 notis
588 422 830 458 terminavit?
860 429 925 458 aut
957 422 1021 470 qui
1050 423 1250 459 errantium

71 474 259 510 stellarum
280 487 421 518 cursus,
447 475 734 523 praegressiones
762 475 1046 523 institionesque
1074 477 1248 513 notavit?

71 528 211 564 Omnes
231 528 380 576 magni3
411 528 521 564 etiam
555 529 772 576 superiores,
797 529 860 577 qui
888 529 1023 577 fruges,
1045 530 1109 577 qui
1135 530 1249 566 vesti-

70 591 162 624 tum,
183 581 247 629 qui
280 588 387 625 tecta,
417 582 482 630 qui
515 582 659 618 cultum
688 582 791 625 vitae,
821 582 886 630 qui
919 583 1090 630 praesidia
1123 590 1250 620 contra

68 634 163 670 feras
180 634 426 672 invenerunt:
456 648 477 671 a
497 635 632 684 quibus
651 635 892 672 mansuefacti
912 645 948 671 et
969 636 1111 672 exculti
1139 649 1159 672 a
1183 649 1249 673 ne—

70 688 236 724 cessariis
265 689 428 725 artificiis
462 689 508 724 ad
537 689 761 738 elegantiora
789 689 1030 726 defluximus.
1088 689 1186 725 Nam
1213 697 1251 727 et

69 741 221 777 auribus
242 742 438 778 oblectatio
458 755 592 790 magna
612 750 715 790 parta
735 749 801 786 est,
822 743 973 779 inventa
993 749 1030 778 et
1049 749 1252 791 temperata

70 795 248 831 varietate
267 802 303 831 et
322 803 453 832 natura
474 808 660 838 sonorum,
682 802 719 832 et
737 802 834 832 astra
864 796 1114 844 suspeximus,
1134 809 1250 844 quum

70 860 125 892 ea,
148 861 233 897 quae
255 858 343 885 sunt
361 849 482 885 infixa
500 849 607 885 certis
627 850 728 894 locis,
750 857 829 886 tum
849 850 912 885 illa
933 862 1005 885 non
1028 862 1078 893 re,
1101 850 1164 886 sed
1183 863 1251 886 vo-

70 902 203 938 cabulo
222 903 391 938 errantia.
440 903 611 941 Quorum
631 904 890 939 conversiones
906 916 1111 951 omnesque
1126 911 1251 939 motus

70 955 134 1003 qui
155 953 343 1005 [animus]
361 956 465 1000 vidit,
486 956 516 992 is
535 957 673 999 docuit,
688 957 846 993 similem
866 957 1032 992 animum
1045 970 1153 993 suum
1172 957 1252 1005 ejus

69 1021 161 1052 esse,
182 1010 248 1057 qui
268 1022 309 1045 ea
326 1009 525 1046 fabricatus
544 1017 640 1046 esset
659 1010 696 1046 in
718 1011 823 1047 caelo.
873 1010 969 1046 Nam
984 1023 1102 1058 quum
1119 1011 1251 1046 Archi-
1270 1017 1310 1047 63

69 1063 195 1098 medes
215 1063 328 1106 lunae,
351 1063 450 1106 solis,
470 1063 634 1110 quinque
649 1064 849 1100 errantium
866 1070 991 1099 motus
1012 1064 1050 1099 in
1068 1064 1251 1111 sphaeram

70 1115 238 1163 illigavit,
260 1116 380 1152 effecit
399 1116 509 1158 idem,
530 1117 629 1164 quod
648 1117 722 1160 ille,
744 1117 809 1165 qui
838 1117 875 1153 in
896 1117 1040 1152 Timaeo
1070 1118 1252 1153 mundum

70 1169 271 1205 aedificavit
291 1170 457 1205 Platonis
475 1170 578 1211 deus,
599 1176 641 1205 ut
666 1170 836 1206 tarditate
866 1176 902 1205 et
930 1170 1114 1206 celeritate
1143 1170 1253 1206 dissi-

69 1222 246 1258 millimos
265 1230 388 1259 motus
408 1235 484 1259 una
502 1229 643 1270 regeret
663 1223 868 1259 conversio.
927 1223 1038 1261 Quod
1060 1224 1089 1259 si
1117 1223 1155 1258 in
1184 1223 1254 1259 hoc

69 1276 211 1311 mundo
231 1276 309 1312 fieri
328 1276 406 1312 sine
434 1277 503 1312 deo
532 1288 607 1312 non
634 1282 768 1324 potest,
789 1289 835 1312 ne
865 1277 902 1312 in
932 1277 1078 1324 sphaera
1101 1277 1253 1324 quidem

70 1330 219 1365 eosdem
239 1337 364 1366 motus
382 1330 624 1366 Archimedes
646 1329 724 1366 sine
743 1330 869 1365 divino
894 1330 1043 1377 ingenio
1071 1330 1254 1377 potuisset

69 1382 218 1418 imitari.

122 1436 273 1473 XXVI.
305 1436 402 1472 Mihi
432 1449 519 1473 vero
548 1449 596 1472 ne
627 1437 708 1473 haee
738 1436 890 1485 quidem
919 1436 1063 1472 notiora
1092 1443 1128 1472 et
1146 1435 1252 1472 illus-
1273 1443 1314 1472 64.-

69 1490 181 1526 triora
200 1502 319 1526 carere
340 1491 376 1525 vi
395 1489 521 1526 divina
540 1490 724 1533 videntur,
743 1497 787 1526 ut
806 1502 874 1539 ego
893 1498 958 1525 aut
977 1493 1126 1538 poetam
1142 1502 1254 1537 grave

71 1543 298 1591 plenumque
319 1556 465 1579 carmen
493 1544 570 1579 sine
598 1543 738 1579 caelesti
761 1543 885 1591 aliquo
915 1544 1050 1579 mentis
1074 1543 1255 1579 instinctu

70 1604 198 1644 putem
218 1597 384 1639 fundere,
407 1605 471 1632 aut
490 1597 740 1645 eloquentiam
762 1597 841 1632 siue
864 1596 1001 1644 majore
1030 1597 1191 1644 quadam
1216 1596 1255 1632 vi

70 1650 198 1695 fluere,
219 1651 471 1686 abundantem
493 1651 710 1686 sonantibus
739 1650 859 1686 verbis
888 1650 1141 1697 uberibusque
1169 1661 1254 1685 sen-

73 1703 210 1739 tentiis,
267 1703 510 1752 Philosophia
538 1716 636 1747 vero,
658 1703 823 1739 omnium
853 1710 969 1738 mater
997 1704 1144 1745 artium,
1164 1702 1255 1750 quid

71 1764 128 1793 est
147 1757 261 1800 aliud,
281 1757 364 1800 nisi,
386 1765 429 1793 ut
453 1757 573 1800 Plato,
595 1757 748 1799 donum,
769 1764 811 1792 ut
840 1769 920 1804 ego,
941 1756 1135 1792 inventum
1165 1756 1254 1791 deo-

71 1810 182 1846 rum?
242 1810 338 1846 Haec
357 1823 423 1846 nos
443 1810 603 1858 primum
627 1810 673 1846 ad
700 1809 850 1845 illorum
879 1809 1034 1852 cultum,
1056 1809 1188 1845 deinde
1208 1809 1254 1845 ad

66 1863 130 1911 jus
147 1863 353 1908 hominum,
381 1864 481 1911 quod
510 1864 622 1899 situm
649 1869 705 1898 est
723 1863 761 1898 in
788 1863 932 1911 generis
956 1863 1112 1898 humani
1138 1862 1254 1898 socie-

72 1923 159 1961 tate,
176 1923 257 1953 tum
274 1918 318 1952 ad
337 1917 554 1952 modestiam
568 1916 937 1965 magnitudinemque
953 1916 1066 1952 animi
1081 1915 1253 1959 erudivit,

71 1970 275 2018 eademque
313 1970 358 2006 ab
396 1970 531 2013 animo,
571 1977 760 2017 tamquam
805 1970 850 2005 ab
889 1969 1018 2013 oeulis,
1059 1969 1256 2017 caliginem

72 2022 238 2071 dispulit,
258 2030 300 2059 ut
319 2023 455 2065 omnia,
476 2035 620 2071 supera,
650 2023 777 2068 infera,
797 2023 927 2072 prima,
954 2023 1098 2066 ultima,
1118 2022 1253 2065 media,

72 2075 297 2112 videremus.

126 2129 282 2166 Prorsus
300 2129 381 2165 haec
401 2129 526 2165 divina
544 2127 635 2164 mihi
653 2129 798 2166 videtur
816 2129 883 2172 vis,
905 2141 991 2177 quae
1017 2135 1072 2164 tot
1099 2140 1156 2163 res
1175 2127 1253 2164 effi·
1274 2136 1313 2165 65

73 2182 145 2219 ciat
164 2190 201 2218 et
219 2190 354 2219 tantaS.
413 2182 514 2222 Quid
532 2188 589 2218 est
605 2183 703 2218 enim
723 2183 898 2219 memoria
917 2194 1039 2217 rerum
1063 2189 1100 2217 et
1125 2181 1254 2217 verbo-

73 2236 185 2272 rum?
215 2237 303 2284 quid
324 2249 432 2285 porro
458 2236 654 2272 inventio?
684 2237 846 2284 profecto
872 2235 921 2278 id,
942 2247 1017 2283 quo
1047 2247 1092 2270 ne
1121 2234 1160 2270 in
1187 2235 1255 2270 deo

75 2289 226 2337 quidem
257 2290 455 2338 quicquam
488 2288 610 2336 majus
645 2289 803 2336 intelligi
840 2294 974 2336 potest.
1033 2288 1119 2324 Non
1157 2288 1255 2323 enim

76 2343 260 2378 ambrosia
290 2344 378 2379 deos
411 2349 475 2378 aut
502 2349 647 2378 nectare
678 2349 742 2378 aut
762 2343 960 2378 Juventate
984 2342 1119 2389 pocula
1144 2340 1256 2376 mini-

77 2401 213 2433 strante
239 2396 359 2433 laetari
384 2396 550 2439 arbitror,
571 2407 638 2432 neo
660 2396 867 2432 Homerum
897 2394 1019 2440 audio,
1040 2394 1105 2443 qui
1125 2394 1257 2441 Gany-
