1471 2585
201 72 250 108 82
526 80 731 107 'ruscumn
759 81 1056 107 DISPUTATIONS.
1192 67 1382 119 [57—59.

200 177 405 214 orationem
424 176 470 213 ad
490 176 666 224 exempla
683 176 925 212 traducimus.
985 175 1060 213 Hic
1087 176 1256 213 Socrates
1283 189 1386 213 com-

198 238 436 274 memoratur,
457 230 516 266 hic
537 230 736 278 Diogenes,
756 229 815 266 hic
835 229 1079 266 Caecilianum
1098 229 1214 267 illud:

350 315 453 355 Saepe
469 317 518 344 est
533 314 631 344 etiam
646 314 708 344 sub
724 314 851 354 palliolo
866 313 997 345 s6rdido
1012 314 1180 355 sapientia.

202 392 331 431 Quum
351 392 451 428 enim
476 391 705 440 paupertatis
732 404 808 427 una
826 392 1030 440 eademque
1050 391 1098 428 sit
1117 392 1184 436 vis,
1206 391 1386 439 quidnam

201 445 273 481 dici
293 452 426 493 potest,
444 446 685 493 quamobrem
706 445 750 481 C.
773 445 942 481 Fabricio
966 445 1167 481 tolerabilis
1190 458 1233 481 ea
1260 445 1384 488 fuerit,

143 503 181 534 57
201 498 264 534 alii
294 506 432 547 negent
461 511 499 535 se
528 499 620 534 ferre
654 498 789 547 posse?
849 498 950 534 Huic
985 498 1098 547 igitur
1127 498 1230 534 alteri
1259 498 1386 547 generi

201 551 332 588 similis
352 558 409 588 est
428 564 470 588 ea
487 551 580 588 ratio
608 551 835 595 consolandi,
857 564 943 599 qua>
963 551 1082 595 docet,
1102 551 1266 587 humana
1290 564 1384 595 esse,

200 617 287 653 quae
306 605 517 641 acciderint.
576 605 663 642 Non
688 605 786 640 enim
812 605 933 640 solum
953 605 990 640 id
1011 606 1176 641 continet
1194 617 1237 641 ea
1255 605 1384 653 dispu-

200 658 304 701 tatio,
325 664 367 694 ut
386 658 637 707 cognitionem
665 658 793 694 afferat
811 657 955 706 generis
974 658 1127 694 humani
1143 673 1150 701 ;
1184 658 1248 694 sed
1269 658 1384 706 sigui-

201 711 300 754 ficat,
321 711 528 747 tolerabilia
546 724 637 755 esse,
658 723 745 758 quae
767 718 803 747 et
821 711 974 748 tulerint
991 719 1027 747 et
1046 711 1163 747 ferant
1182 711 1306 747 ceteri.

253 764 404 801 XXIV.
436 765 494 801 De
521 770 736 813 paupertate
765 765 909 813 agitur:
945 764 1054 800 multi
1080 765 1263 812 patientes
1290 776 1384 812 pau-

199 829 304 865 peres
324 825 672 854 commemorantur.
712 818 770 853 De
787 818 1060 854 contemnendo
1080 819 1217 854 honore
1236 831 1243 854 :
1275 817 1387 853 multi

199 870 410 907 inhonorati
429 871 664 919 proferuntur
683 877 720 906 et
739 871 890 919 quidem
911 878 1060 919 propter
1086 871 1124 906 id
1148 871 1270 918 ipsum
1297 871 1395 907 bea-⁷

200 923 326 968 tiores,
347 937 563 972 eorumque,
585 925 648 972 qui
677 925 863 972 privatum
891 924 1009 960 otium
1039 924 1197 973 negotiis
1226 923 1386 972 publicis

199 977 467 1021 antetulerunt,
488 977 708 1022 nominatim
729 978 805 1014 vita
830 977 1014 1021 laudatur,
1042 990 1110 1013 nec
1139 977 1267 1014 siletur
1291 977 1386 1014 illud

200 1031 450 1078 potentissimi
466 1031 561 1079 regis
580 1037 827 1079 anapaestum,
849 1031 911 1078 qui
938 1030 1068 1066 laudat
1095 1042 1220 1066 senem
1247 1037 1285 1066 et
1310 1031 1385 1066 for·

201 1090 376 1120 tunatum
405 1097 487 1120 esse
517 1084 617 1128 dicit,
646 1084 748 1131 quod
775 1084 957 1132 inglorius
991 1084 1039 1119 sit
1068 1090 1180 1131 atque
1208 1083 1385 1131 ignobilis

144 1143 183 1172 58
201 1137 246 1172 ad
267 1150 483 1185 supremum
512 1138 609 1173 diem
637 1144 892 1185 perventurus.
953 1136 1132 1173 Similiter
1159 1149 1385 1173 commemo-

200 1190 325 1226 randis
354 1190 539 1239 exemplis
567 1190 743 1226 orbitates
768 1202 917 1238 quoque
942 1189 1101 1226 liberum
1122 1190 1386 1238 praedicantur,

201 1255 417 1291 eommque,
439 1244 503 1292 qui
527 1244 678 1293 gravius
703 1243 838 1287 ferunt,
867 1244 992 1279 luctus
1018 1243 1175 1279 aliorum
1202 1243 1386 1291 exemplis

201 1296 417 1342 leniuntur3
460 1297 511 1332 sic
544 1297 729 1356 perpessio
763 1303 970 1332 ceterorum
1002 1296 1100 1340 facit,
1132 1303 1174 1332 ut
1210 1308 1264 1339 ea,
1296 1309 1385 1344 quae

201 1350 413 1394 acciderint,
430 1350 550 1386 multo
576 1350 730 1394 minora,
752 1362 865 1398 quam
886 1356 1025 1397 quanta
1055 1349 1128 1385 sint
1156 1349 1400 1401 existimata,s

201 1402 410 1439 videantur.
470 1403 528 1439 Ita
543 1403 586 1439 fit
606 1403 744 1438 sensim
767 1402 1028 1451 cogitantibus,
1050 1408 1105 1448 ut,
1125 1408 1309 1450 quantum
1338 1402 1386 1439 sit

201 1456 378 1492 ementita
397 1456 534 1504 opinio,
555 1463 743 1505 appareat.

253 1509 382 1557 Atque
402 1509 471 1545 hoc
490 1509 587 1545 idem
609 1516 646 1545 et
664 1509 818 1545 Telamo
837 1509 900 1545 ille
920 1508 1103 1546 declarat:

412 1574 493 1618 'Ego
509 1587 609 1617 quum
624 1577 733 1618 genui,
747 1599 883 1608 .....

200 1653 238 1682 et
255 1645 423 1683 Theseus
439 1659 447 1683 :

415 1714 559 1745 Futuras
573 1724 701 1745 mecum
716 1715 961 1746 commentabar
976 1715 1136 1754 miserias,

202 1782 240 1810 et
267 1775 536 1824 Anaxagoras:
582 1774 748 1812 Sciebam
780 1789 834 1812 me
867 1778 1035 1825 qetzuisse
1067 1775 1264 1813 mortalem.
1333 1777 1387 1813 Hi

202 1828 302 1864 enim
329 1840 458 1864 omnes
483 1829 550 1864 diu
578 1829 782 1877 cogitantes
800 1830 845 1866 de
864 1830 974 1865 rebus
1000 1829 1173 1865 humanis
1199 1829 1385 1878 intellige-

203 1881 305 1922 bant,
331 1894 392 1917 eas
417 1894 656 1929 nequaquam
681 1895 747 1931 pro
775 1883 949 1931 opinione
972 1883 1074 1931 vulgi
1097 1895 1178 1918 esse
1205 1884 1386 1919 extimes-

203 1935 352 1970 cendas.
422 1934 473 1970 Et
506 1935 597 1970 mihi
627 1936 779 1984 quidem
810 1936 954 1972 videtur
983 1936 1080 1972 idem
1112 1936 1185 1972 fere
1223 1936 1386 1973 accidere

202 1987 260 2031 iis,
279 1988 343 2035 qui
362 1994 447 2023 ante
466 1988 704 2032 meditantur,
725 1990 827 2036 quod
849 1989 906 2033 iis,
933 1990 1071 2037 quibus
1101 1989 1271 2025 medetur
1293 1989 1385 2032 dies,

203 2041 274 2076 nisi
294 2041 393 2089 quod
412 2041 504 2076 ratio
524 2042 698 2088 quaedam
725 2042 831 2078 sanat
854 2042 950 2086 illos,
977 2043 1045 2078 hos
1064 2043 1144 2090 ipsa
1164 2050 1307 2086 natura,
1327 2042 1386 2078 in-

204 2094 352 2129 tellecto
372 2107 428 2138 eo,
447 2094 548 2141 quod
572 2107 647 2130 rem
674 2096 850 2138 continet,
877 2096 971 2131 illud
1000 2096 1153 2138 malum,
1176 2095 1276 2142 quod
1304 2095 1384 2143 opi-

204 2154 333 2182 natum
363 2147 411 2183 sit
438 2159 517 2183 esse
545 2148 765 2191 maximum,
795 2161 1031 2197 nequaquam
1057 2160 1135 2183 esse
1162 2154 1319 2192 tanturn,
1343 2155 1387 2184 ut

146 2208 185 2236 59
204 2199 319 2234 vitam
344 2200 490 2236 beatam
516 2201 633 2248 possit
660 2209 836 2237 evertere.
897 2202 981 2238 Hoc
1006 2201 1118 2249 igitur
1145 2200 1313 2244 efficitur,
1344 2208 1387 2237 ut

203 2264 250 2287 ex
273 2251 337 2287 illo
357 2253 577 2301 necopinato
603 2254 713 2302 plaga
738 2254 856 2302 major
882 2255 941 2297 sit,
969 2266 1056 2297 non,
1084 2260 1128 2289 ut
1155 2253 1210 2289 illi
1237 2261 1385 2301 putant,

202 2310 255 2350 ut,
277 2317 393 2353 quum
413 2307 559 2343 duobus
584 2319 689 2356 pares
714 2319 822 2344 casus
850 2308 1051 2351 evenerint,
1081 2307 1112 2343 is
1140 2307 1251 2344 modo
1276 2307 1386 2357 aegri-
