1471 2585
237 80 288 114 42
555 92 758 117 Tuscumm
788 92 1088 117 mSPUTATloNs.
1298 77 1354 129 [4,
1374 83 1412 118 5.

239 184 369 234 ignari,
387 185 526 222 multos
546 186 710 222 studiose
724 193 851 223 contra
866 198 946 222 esse
962 187 1126 223 dicturos
1142 200 1150 224 :
1180 186 1280 235 quod
1299 186 1415 223 vitare

241 238 346 274 nullo
379 239 488 274 modo
516 239 717 287 potuimus,
750 240 822 276 nisi
854 239 947 275 nihil
973 240 1125 276 omnino
1159 240 1412 276 scriberemus.

241 291 394 328 Etenim
413 292 444 327 si
462 293 656 336 orationes,
676 305 768 340 quas
793 305 861 328 nos
890 293 1139 329 multitudinis
1161 293 1303 342 judicio
1329 305 1413 341 pro-

241 344 320 381 bari
356 345 574 381 volebamus
606 345 811 394 (popularis
847 352 903 382 est
937 347 1036 382 enim
1074 347 1137 383 illa
1174 347 1339 390 facultas,
1377 353 1415 382 et

241 398 393 435 effectus
417 398 640 446 eloquentiae
665 405 722 436 est
746 399 976 435 audientium
1005 398 1261 448 approbatio);
1293 399 1357 435 sed
1383 399 1414 434 si

240 451 517 499 reperiebantur
535 452 721 496 nonnulli,
741 452 806 500 qui
825 452 919 488 nihil
937 453 1141 498 laudarent,
1163 453 1233 488 nisi
1255 454 1355 501 quod
1376 464 1414 488 se

240 503 375 540 imitari
391 517 498 552 posse
518 505 757 551 confiderent,
770 518 955 554 quemque
972 506 1141 553 sperandi
1157 505 1238 550 sibi,
1256 506 1412 541 eundem

240 557 334 593 bene
360 558 506 593 dicendi
534 558 647 594 finem
676 565 924 607 proponerent
952 566 1000 603 et,
1024 572 1141 607 quum
1174 559 1416 595 obruerentur

241 610 347 658 copia
375 611 638 647 sententiarum
667 619 777 659 atque
797 612 1005 654 verborum,
1031 612 1265 661 jejunitatem
1296 619 1332 647 et
1360 611 1414 647 fa-

240 676 337 699 mem
359 676 397 699 se
416 664 525 700 malle
542 677 654 712 quam
673 665 880 700 ubertatem
897 672 935 700 et
953 665 1095 713 copiam
1116 666 1280 701 dicerent
1298 664 1415 710 (unde

240 723 318 752 erat
335 724 508 753 exortum
528 730 644 766 genus
664 718 886 761 Atticorum,
907 718 951 753 iis
967 719 1069 766 ipsis,
1090 718 1153 766 qui
1178 718 1214 754 id
1244 718 1348 765 sequi
1377 730 1415 754 se

240 770 519 817 profitebantur,
538 771 731 819 ignotum3
763 771 827 819 qui
849 771 926 820 jam
953 772 1211 807 conticuerunt
1235 783 1343 819 paene
1368 770 1415 806 ab

203 830 222 858 4
239 823 319 871 ipso
340 824 416 859 foro
435 822 548 871 irrisi)
564 838 571 860 :
601 824 692 871 quid
711 825 876 860 fututum
895 831 1082 872 putamus,
1103 837 1218 873 quum
1243 824 1411 872 adjutore

239 876 392 924 populo,
413 889 486 924 quo
503 877 698 913 utebamur
716 883 836 922 antea,
858 889 956 913 nunc
975 878 1126 914 minime
1146 890 1213 913 nos
1233 877 1286 913 uti
1306 889 1414 925 posse

237 929 430 965 videamus
446 929 460 964 ἲ
518 930 589 966 Est
607 931 705 966 enim
724 930 958 979 philosophia
976 931 1102 978 paucis
1122 936 1294 966 contenta
1311 930 1414 979 judi-

239 982 355 1025 cibus,
376 983 655 1019 multitudinem
681 983 852 1020 consulto
882 984 963 1031 ipsa
984 984 1142 1031 fugiens,
1163 984 1271 1031 eique
1289 983 1359 1031 ipsi
1377 989 1415 1019 et

239 1042 410 1083 suspecta
429 1043 466 1072 et
484 1036 616 1080 invisa,
637 1043 680 1072 ut
705 1037 776 1080 vel,
807 1037 837 1073 si
863 1037 948 1084 quis
975 1037 1186 1072 universam
1207 1036 1297 1072 velit
1315 1036 1412 1073 vitu-

237 1100 375 1136 perare,
401 1090 562 1125 secundo
590 1090 627 1125 id
656 1090 796 1138 populo
824 1090 941 1126 facere
968 1090 1098 1138 possit,
1119 1090 1191 1132 vel,
1213 1089 1242 1125 si
1261 1089 1299 1125 in
1319 1101 1413 1134 eam,

238 1153 348 1189 quam
378 1154 445 1178 nos
474 1143 636 1178 maxime
665 1143 866 1191 sequimur,
887 1150 1040 1179 conetur
1067 1143 1251 1187 invadere,
1281 1154 1415 1191 magna

236 1194 371 1230 habere
392 1195 509 1242 possit
527 1195 670 1232 auxilia
693 1208 714 1231 a
732 1196 959 1244 reliquorum
978 1196 1283 1245 philosophorum
1303 1195 1413 1232 disci-

235 1247 361 1295 plinis.

289 1300 346 1337 II.
378 1301 457 1337 Nos
475 1309 599 1337 autem
626 1302 809 1338 universae
835 1301 1082 1350 philosophiae
1102 1302 1413 1350 vituperatoribus

235 1354 494 1401 respondimus
523 1355 561 1389 in
590 1355 816 1399 Hortensi03
858 1368 923 1403 pro
942 1355 1142 1391 Academia
1171 1362 1295 1391 autem
1325 1367 1412 1409 quae

237 1406 392 1442 dicenda
421 1414 556 1450 essent,
588 1408 676 1443 satis
708 1415 875 1444 accurate
907 1408 944 1444 in
971 1408 1204 1444 Academicis
1235 1414 1413 1456 quattuor

236 1459 339 1495 libris
357 1460 542 1507 explicata
561 1460 807 1505 arbitramur;
839 1461 903 1497 sed
922 1459 1045 1497 tame'n
1064 1468 1208 1497 tantum
1235 1461 1350 1503 abest,
1370 1469 1413 1498 ut

237 1506 346 1548 scribi
365 1520 491 1548 contra
511 1526 578 1549 nos
603 1514 777 1557 nolimus,
797 1521 840 1549 ut
855 1514 892 1549 id
911 1514 1020 1550 etiam
1043 1515 1204 1550 maxime
1224 1521 1409 1563 optemus.

237 1564 282 1601 In
302 1566 382 1614 ipsa
400 1566 498 1602 enim
520 1567 667 1603 Graecia
686 1567 918 1615 philosophia
943 1574 1045 1603 tanto
1074 1568 1110 1603 in
1139 1567 1274 1603 honore
1302 1580 1411 1603 num-

236 1631 345 1666 quam
366 1618 508 1663 fuisset,
529 1620 599 1655 nisi
624 1620 923 1656 doctissimorum
949 1620 1250 1656 contentionibus
1269 1620 1411 1657 dissen-

235 1672 476 1720 sionibusque
496 1673 687 1722 viguisset.

197 1735 214 1762 5
289 1725 411 1764 Quam
434 1726 481 1761 ob
500 1739 574 1762 rem
595 1726 720 1762 hortor
747 1739 887 1770 omnes,
904 1726 968 1774 qui
987 1726 1104 1762 facere
1123 1726 1160 1762 id
1179 1733 1346 1774 possunt,
1367 1733 1411 1762 ut

233 1777 345 1826 hujus
375 1790 523 1826 quoque
550 1779 694 1826 generis
729 1779 876 1815 laudem
908 1780 986 1828 jam
1022 1779 1214 1828 languenti
1252 1780 1410 1816 Graeciae

233 1830 389 1878 eripiant
405 1838 440 1866 et
454 1832 638 1879 perferant
655 1832 691 1868 in
709 1833 803 1869 hanc
821 1833 961 1876 urbem,
978 1833 1073 1869 sicut
1091 1833 1251 1880 reliquas
1267 1845 1408 1877 omnes,

233 1895 319 1930 quae
337 1884 488 1931 quidem
506 1891 609 1920 erant
628 1886 862 1933 expetendae,
881 1886 1003 1922 studio
1019 1893 1129 1933 atque
1145 1885 1325 1921 industria
1343 1898 1409 1922 sua

233 1937 390 1985 majores
415 1938 530 1972 nostri
550 1938 830 1975 transtulerunt.
888 1939 1013 1986 Atque
1042 1945 1226 1974 oratorum
1256 1939 1406 1986 quidem

233 1989 326 2032 laus,
355 1990 418 2034 ita,
439 1990 551 2026 ducta
575 1991 620 2026 ab
649 1991 792 2035 humili,
815 1992 916 2028 venit
948 1993 993 2028 ad
1023 2003 1220 2032 summum,
1251 1999 1291 2027 ut
1313 1992 1405 2040 jam,

233 2043 332 2090 quod
359 2050 490 2079 natura
512 2044 582 2079 fert
607 2044 644 2079 in
677 2045 850 2080 omnibus
879 2045 952 2081 fere
981 2046 1102 2088 rebus,
1131 2051 1297 2080 senescat
1325 2045 1407 2081 bre-

234 2095 345 2143 vique
375 2103 538 2144 ternpore
567 2097 613 2132 ad
647 2097 804 2133 nihilum
836 2105 992 2134 ventura
1019 2098 1210 2141 videatur;
1243 2096 1406 2145 philoso-

231 2148 320 2195 phia
338 2156 510 2186 nascatur
529 2149 672 2186 Latinis
690 2150 838 2197 quidem
859 2151 991 2187 litteris
1011 2164 1058 2187 ex
1084 2150 1141 2186 his
1165 2150 1405 2198 temporibus,

232 2212 386 2248 eamque
406 2214 472 2238 nos
493 2203 713 2251 adjuvemus
734 2215 876 2251 nosque
895 2205 996 2252 ipsos
1021 2202 1188 2250 redargui
1215 2203 1406 2251 refellique

232 2254 426 2301 patiamur.
485 2256 598 2294 Quod
617 2256 641 2292 ii
660 2256 784 2292 serunt
803 2257 926 2293 animo
951 2257 1091 2305 iniquo,
1113 2256 1178 2304 qui
1196 2256 1304 2292 certis
1322 2256 1406 2304 qui-

231 2306 387 2343 busdam
407 2308 674 2356 destinatisque
694 2310 886 2346 sententiis
915 2310 1021 2358 quasi
1049 2309 1184 2345 addicti
1212 2316 1249 2345 et
1276 2321 1405 2345 conse-

230 2359 320 2396 crati
340 2368 426 2397 sunt
444 2374 559 2409 eaque
576 2362 794 2399 necessitate
814 2363 1012 2406 constricti,
1028 2370 1070 2399 ut
1084 2362 1207 2407 etiam,
1225 2374 1310 2411 quae
1329 2375 1403 2399 non
