1471 2585
647 741 739 772 THE

158 870 574 924 TUSCULAN
628 871 1223 926 DISPUTATIONS.

570 1069 737 1106 BOOK
775 1069 809 1106 Ι.

103 1264 136 1300 Ι.
173 1264 299 1303 QUUM
335 1265 592 1301 defensionum
624 1265 816 1302 laboribus
849 1265 1116 1314 senatoriisque
1149 1277 1282 1301 mune·
1304 1274 1318 1303 1

101 1318 203 1354 ribus
224 1325 289 1354 aut
309 1319 460 1354 omnino
479 1325 545 1354 aut
566 1331 702 1368 magna
725 1332 775 1356 ex
802 1326 905 1367 parte
934 1331 1054 1355 essem
1082 1318 1284 1367 aliquando

101 1371 294 1414 liberatus,
323 1372 432 1407 retuli
460 1385 531 1417 me,
560 1372 686 1416 Brute,
716 1379 751 1408 te
780 1372 951 1408 hortante
978 1372 1142 1408 maxime
1166 1372 1213 1408 ad
1241 1384 1285 1408 ea

103 1425 237 1468 studia,
258 1437 357 1473 quae,
385 1432 527 1462 retenta
554 1426 691 1471 animo,
721 1426 872 1462 remissa
901 1426 1141 1474 temporibu8‚
1170 1425 1283 1474 longo

102 1477 298 1514 intervallo
313 1479 535 1523 intermissa,
551 1479 744 1524 revocavi3
767 1486 804 1515 et
820 1491 937 1528 quum
951 1479 1116 1515 omnium
1133 1480 1281 1523 artium,

103 1544 191 1579 quae
212 1531 258 1567 ad
277 1538 410 1568 rectam
433 1532 584 1568 vivendi
603 1532 700 1568 viam
723 1533 961 1581 pertinerent,
989 1532 1082 1568 ratio
1111 1539 1147 1568 et
1171 1532 1282 1568 disci-

103 1585 207 1632 plina
226 1585 349 1621 studio
369 1585 575 1633 sapientiae,
591 1598 677 1634 quae
696 1585 932 1634 philosophia
950 1585 1095 1629 dicitur,
1116 1585 1283 1621 contine-

102 1644 216 1682 retur,
254 1638 323 1674 hoc
360 1639 450 1674 mihi
480 1639 625 1675 Latinis
661 1639 793 1676 litteris
830 1639 1091 1675 illustrandum
1128 1639 1280 1686 putavi:

102 1703 178 1727 non
211 1691 300 1739 quia
335 1692 571 1741 philosophia
600 1693 744 1729 Graecis
776 1698 814 1728 et
842 1692 974 1728 litteris
1004 1699 1041 1727 et
1070 1692 1282 1728 doctoribus

102 1744 243 1793 percipi
274 1757 347 1780 non
381 1753 517 1793 posset,
555 1746 617 1782 sed
652 1758 776 1782 meum
809 1758 952 1794 semper
984 1745 1168 1794 judicium
1197 1745 1280 1789 fuit,

103 1798 229 1833 omnia
265 1805 411 1834 nostros
441 1806 506 1835 aut
538 1799 724 1835 invenisse
760 1811 826 1847 per
862 1811 900 1834 se
938 1798 1140 1846 sapientius
1169 1811 1281 1846 quam

104 1850 269 1893 Graecos,
286 1858 350 1887 aut
369 1858 519 1900 accepta
537 1853 583 1888 ab
602 1852 678 1888 illis
695 1852 823 1888 fecisse
843 1851 1006 1895 meliora,
1026 1864 1111 1899 quae
1130 1852 1281 1900 quidem

104 1903 218 1952 digna
246 1905 475 1949 statuissent,
502 1905 540 1940 in
567 1905 705 1953 quibus
734 1905 976 1941 elaborarent.
1035 1905 1134 1941 Nam
1162 1917 1281 1941 mores
1300 1914 1319 1945 2

104 1964 142 1993 et
159 1957 330 1993 instituta
346 1958 435 1994 vitae
451 1970 581 2006 resque
597 1958 816 1994 domesticas
836 1971 877 1995 ac
891 1958 1089 1994 familiares
1108 1971 1176 1994 nos
1195 1971 1282 2007 pro-

104 2011 200 2047 fecto
228 2017 266 2046 et
289 2011 421 2046 melius
450 2017 599 2047 tuemur
624 2019 661 2047 et
685 2012 850 2056 lautius;
883 2024 960 2048 rem
980 2024 1067 2047 vero
1094 2011 1281 2060 publicam

105 2064 220 2099 nostri
246 2063 403 2112 majores
426 2069 522 2100 certe
550 2064 763 2101 melioribus
783 2070 1084 2113 temperaverunt
1110 2071 1147 2100 et
1174 2064 1281 2100 insti-

106 2117 196 2153 tutis
222 2123 259 2152 et
285 2117 444 2165 legibus.
503 2116 604 2155 Quid
630 2118 761 2166 loquar
788 2118 833 2154 de
861 2131 899 2154 re
927 2118 1105 2154 militari?
1139 2117 1177 2153 in
1206 2130 1282 2166 qua

104 2181 224 2217 quum
242 2170 379 2206 virtute
405 2171 522 2206 nostri
547 2171 709 2207 multum
730 2171 938 2216 valuerunt,
960 2178 1040 2207 tum
1059 2171 1144 2218 plus
1169 2172 1282 2207 etiam

106 2223 314 2271 disciplina.
371 2224 454 2260 Jam
477 2224 553 2267 illa,
575 2236 661 2271 quae
688 2231 832 2269 natura,
861 2237 934 2260 non
962 2223 1093 2260 litteris
1123 2224 1282 2260 assecuti

106 2282 206 2319 sunt,
239 2288 361 2324 neque
391 2289 476 2312 cum
506 2277 651 2314 Graeeia
679 2289 799 2325 neque
828 2278 905 2313 ulla
935 2289 1020 2313 cum
1051 2283 1160 2325 gente
1195 2283 1283 2313 sunt

106 2329 339 2366 conferenda.
397 2331 495 2368 Quae
524 2330 623 2366 enim
647 2337 750 2367 tanta
771 2331 943 2379 gravitaS,
965 2343 1052 2378 quae
1071 2336 1175 2366 tanta
1193 2343 1281 2367 con-

107 2382 253 2428 stantia,
272 2383 492 2431 magnitudo
520 2383 646 2428 animi,
672 2383 848 2433 probitas,
870 2384 974 2428 fides,
999 2396 1085 2432 quae
1110 2390 1186 2420 tam
1214 2395 1281 2420 ex-

1050 2448 1072 2473 Β
