1471 2585
74 68 262 118 13—15.]
441 83 544 107 BOOK
573 83 616 107 11.
638 83 754 108 CHAP.
777 74 893 109 4—6.
1195 76 1243 110 45

71 190 150 214 esse
170 178 264 223 vult,
292 177 430 214 labitur
456 184 646 226 artemque
666 178 754 215 vitae
781 178 968 226 professus
997 178 1181 228 delinquit
1208 179 1244 215 in

71 231 160 267 vita.

57 293 61 295 ’
123 284 172 321 V.
200 283 251 320 A.
282 284 417 320 Nonne
438 284 638 320 verendum
662 290 717 320 est
735 284 858 332 igitur,
886 284 916 320 si
935 290 990 320 est
1010 285 1061 320 ita
1079 291 1124 321 ut
1143 285 1245 329 dicis,

71 349 118 373 ne
135 337 406 386 philosophiam
427 338 518 373 falsa
536 337 652 385 gloria
678 338 864 374 exornes?
923 338 1034 377 Quod
1065 345 1120 374 est
1149 339 1247 374 enim

51 390 189 438 ⁴majus
209 397 482 439 argumentum,
503 391 595 426 nihil
621 403 701 426 eam
727 391 914 438 prodesse,
935 404 1046 439 quam
1067 392 1245 439 quosdam

69 444 249 490 perfectos
269 444 509 492 philosophos
529 444 684 492 turpiter
703 444 855 479 vivere?
898 443 957 480 M.
980 445 1139 481 Nullum
1160 458 1245 481 vero

69 496 107 532 id
126 497 274 544 quidem
294 504 552 545 argumentum
586 504 653 533 est.
710 496 808 532 Nam
837 504 881 533 ut
908 498 984 546 agri
1014 511 1087 534 non
1119 511 1246 535 omnes

67 548 231 598 frugiferi
247 557 346 594 sunt,
367 551 432 598 qui
452 551 636 595 coluntur,
655 550 866 598 falsumque
886 551 980 586 illud
1000 551 1127 588 Accii:

267 635 384 665 Probae
402 635 461 666 e'tsi
476 635 508 665 in
524 639 667 676 segetem
683 637 758 666 sunt
775 635 968 665 deteriorem
985 636 1069 667 datae

268 677 403 719 Fruges,
420 683 529 709 tamen
544 679 622 718 ipsae
638 681 751 719 suapte
767 683 883 709 natura
901 678 1021 709 enitent
1037 689 1044 709 ε

69 763 120 800 sic
139 764 252 800 animi
270 778 345 801 non
365 777 493 801 omnes
514 765 605 801 culti
624 765 785 802 fructum
804 765 939 801 ferunt.
988 765 1126 813 Atque,
1147 772 1190 802 ut
1208 766 1248 803 in

69 818 199 854 eodem
215 819 324 854 simili
345 831 481 863 verser,
502 825 544 855 ut
563 831 648 867 ager
665 819 835 866 quamvis
854 819 984 855 fertilis
1005 820 1083 855 sine
1103 819 1248 855 cultura

66 871 278 908 fructuosus
305 885 384 908 esse
411 885 486 908 non
511 878 658 920 potest:
690 872 741 909 sic
770 872 848 908 sine
880 872 1044 908 doctrina
1073 873 1243 918 animus3

67 924 119 960 ita
145 931 201 961 est
225 932 382 973 utraque
408 938 465 961 res
494 927 573 961 sine
600 926 715 962 altera
741 926 886 961 debilis.
945 926 1102 961 Cultura
1121 932 1247 962 autem

67 977 180 1014 animi
208 978 443 1027 philosophia
475 986 552 1016 est:
587 979 668 1015 haec
699 979 862 1015 extrahit
890 978 980 1014 vitia
1006 979 1182 1015 radicitus
1211 986 1248 1015 et

67 1038 251 1079 praeparat
270 1032 413 1068 animos
432 1032 475 1068 ad
498 1039 599 1068 satus
619 1032 851 1080 accipiendos
880 1044 996 1080 eaque
1022 1033 1177 1068 mandat
1201 1032 1246 1068 iis

68 1091 117 1127 et,
143 1090 188 1120 ut
215 1085 268 1120 ita
301 1085 432 1127 dicam,
463 1085 561 1129 serit,
593 1098 679 1133 quae
712 1085 840 1121 adulta
866 1086 1009 1121 fruetus
1041 1085 1245 1121 uberrimos

67 1136 198 1173 ferant.
253 1138 422 1186 Agamus
455 1137 580 1186 igitur,
611 1144 654 1175 ut
687 1138 882 1186 coepimus.
935 1139 1019 1182 Dic,
1047 1138 1078 1174 si
1104 1139 1173 1182 vis,
1201 1139 1246 1175 de

69 1203 143 1238 quo
164 1190 343 1238 disputari
364 1191 468 1227 velis.

121 1242 171 1280 A.
202 1244 381 1280 Dolorem
412 1244 586 1280 existimo
619 1245 826 1280 maximum
854 1244 1035 1280 malorum
1064 1244 1242 1281 omnium.

69 1294 130 1332 M.
161 1297 333 1333 Etiamne
353 1297 473 1346 majus
493 1310 605 1345 quam
625 1298 814 1334 dedecus?
868 1297 922 1334 A.
952 1297 1037 1333 Non
1057 1298 1176 1334 audeo
1207 1298 1245 1334 id

68 1349 187 1386 dicere
207 1350 357 1398 quidem
383 1358 420 1386 et
445 1363 504 1386 me
531 1351 649 1399 pudet
675 1357 749 1386 tam
780 1351 852 1386 cito
879 1351 923 1386 de
953 1351 1136 1386 sententia
1165 1363 1244 1387 esse

68 1402 265 1451 dejectum.
322 1403 381 1440 M.
414 1404 537 1452 Magis
564 1410 661 1440 esset
688 1404 917 1452 pudendum,
946 1404 976 1439 si
998 1403 1036 1439 in
1063 1405 1246 1440 sententia

67 1468 312 1503 permaneres.
371 1457 472 1496 Quid
502 1457 599 1492 enim
629 1457 752 1493 minus
782 1464 838 1493 est
854 1458 1021 1505 dignum,
1043 1469 1153 1505 quam
1177 1458 1245 1494 tibi

68 1509 173 1557 pejus
205 1510 404 1558 quicquam
434 1510 550 1546 videri
579 1510 767 1554 dedecore,
798 1510 950 1559 flagitio,
981 1511 1243 1558 turpitudine?

68 1574 155 1609 quae
174 1570 218 1599 ut
235 1564 402 1612 effugias,
423 1563 506 1611 quis
525 1570 580 1599 est
599 1576 673 1599 non
698 1564 806 1599 modo
826 1564 1065 1607 recusandus,
1088 1564 1150 1599 sed
1169 1576 1244 1599 non

68 1615 166 1652 ultro
199 1617 441 1665 appetendus,
475 1617 705 1660 subeundus,
736 1617 978 1665 excipiendus
1006 1616 1133 1652 dolor?
1190 1616 1242 1653 A.

68 1668 130 1704 Ita
165 1682 313 1717 prorsus
350 1670 535 1706 existimo.
606 1670 732 1708 Quare
769 1682 815 1705 ne
852 1669 899 1705 sit
935 1682 1021 1705 sane
1056 1681 1243 1705 summum

68 1721 210 1758 malum
237 1723 364 1767 dolor;
403 1723 543 1759 malum
571 1731 666 1759 certe
699 1729 766 1759 est.
831 1721 891 1759 Μ.
922 1721 1087 1758 Videsne
1116 1723 1241 1771 igitur,

68 1781 251 1822 quantum
266 1777 425 1812 breviter
443 1776 653 1812 admonitus
669 1776 713 1811 de
730 1775 865 1812 doloris
885 1782 1019 1811 terrore
1039 1775 1241 1824 dejeceris?

68 1827 119 1864 A.
142 1828 260 1865 Video
280 1830 400 1877 plane,
423 1830 484 1865 sed
504 1829 588 1878 plus
608 1829 786 1865 desidero.
842 1827 902 1865 M.
934 1828 1116 1876 Experiar
1135 1829 1241 1877 equi-

69 1882 180 1925 dem3
213 1882 276 1917 sed
295 1895 430 1930 magna
448 1895 504 1918 res
527 1888 593 1925 est,
621 1883 819 1930 animoque
847 1881 936 1918 mihi
965 1894 1058 1930 opus
1084 1889 1141 1918 est
1166 1895 1242 1918 non

67 1942 311 1982 repugnante.
368 1934 418 1972 A.
450 1934 617 1971 Habebis
650 1935 687 1970 id
721 1935 884 1983 quidem.
954 1934 1010 1970 Ut
1037 1936 1135 1971 enim
1163 1935 1242 1972 heri

67 1987 149 2030 feci,
186 1988 237 2024 sic
273 2001 373 2024 nunc
408 1988 598 2031 rationem,
634 2000 708 2035 quo
750 2001 792 2025 ea
829 2001 888 2025 me
932 2000 1078 2036 cunque
1119 1989 1240 2033 ducet,

68 2052 212 2088 sequar.

122 2093 193 2130 VI.
224 2093 283 2130 M.
314 2094 481 2130 Primum
499 2093 612 2141 igitur
630 2094 675 2130 de
693 2094 945 2131 imbecillitate
973 2094 1176 2130 multorum
1205 2102 1242 2131 et

69 2146 114 2182 de
158 2147 266 2183 variis
308 2147 511 2195 disciplinis
557 2147 859 2196 philosophorum
903 2148 1045 2195 loquar,
1082 2159 1241 2194 quorum

67 2198 237 2248 princeps
266 2207 303 2236 et
330 2200 545 2236 auctoritate
576 2206 612 2236 et
639 2201 871 2249 antiquitate,
903 2200 1110 2236 Socraticus
1134 2200 1241 2236 Aris-

68 2252 205 2300 tippus,
226 2265 301 2289 non
324 2253 509 2289 dubitavit
539 2265 726 2289 summum
753 2255 893 2289 malum
923 2253 1086 2289 dolorem
1106 2253 1238 2289 dicere.

69 2304 214 2341 Deinde
249 2307 295 2342 ad
327 2306 420 2342 hanc
458 2313 669 2342 enervatam
697 2307 991 2355 muliebremque
1021 2306 1240 2342 sententiam

69 2357 156 2394 satis
175 2358 329 2396 docilem
350 2372 388 2395 se
407 2359 592 2408 Epicurus
610 2360 784 2408 praebuit.
833 2359 947 2396 Hune
965 2367 1049 2409 post
1068 2359 1239 2396 Rhodius

1267 451 1303 480 13

1267 1250 1305 1278 14

1264 1836 1301 1865 15
