1471 2585
205 86 280 122 154
521 97 724 122 TUSCULAN
754 96 1053 122 DISPUTATIONS.
1269 84 1379 136 [121-

202 203 333 227 narum
361 191 573 240 philosophi
601 192 911 240 quemadmodum
942 192 1108 229 obtinere
1136 193 1291 241 possint,
1311 193 1382 242 ipsi

203 244 374 281 viderint.
433 244 528 280 Mihi
547 250 671 280 tamen
691 252 836 293 gratum
867 251 935 288 est,
956 246 1057 293 quod
1086 246 1131 281 de
1160 247 1381 294 sapientium

201 304 381 346 perpetua
399 298 493 333 bene
514 297 663 333 vivendi
681 298 854 334 facultate
872 298 1027 346 dignum
1056 300 1235 347 quiddam
1261 299 1382 347 philo-

203 351 403 399 sophorum
425 363 513 386 voce
532 351 764 398 profitentur.

125 409 182 439 121
257 404 329 439 Sed
352 403 526 451 quoniam
547 416 654 439 mane
674 411 728 440 est
755 404 930 446 eundum,
950 405 1017 439 has
1046 404 1211 453 quinque
1240 406 1381 442 dierum

202 457 471 504 disputationes
493 457 668 493 memoria
687 457 1057 505 comprehendamus.
1115 457 1302 506 Equidem
1322 472 1382 496 me

203 510 313 545 etiam
335 509 628 557 conscripturum
648 510 804 546 arbitror
822 510 905 558 (ubi
925 510 1023 546 enim
1051 510 1184 546 melius
1213 512 1268 547 uti
1296 525 1383 560 pos-

202 575 333 598 sumus
363 562 444 606 hoe,
466 563 688 599 cuicuimodi
716 569 783 607 est,
812 563 887 598 otio
903 561 950 610 ἲ),
981 563 1026 599 ad
1052 563 1284 613 Brutumque
1314 578 1381 602 no-

203 621 319 652 strum
338 615 406 651 hos
433 616 546 652 libros
574 616 708 652 alteros
738 616 905 664 quinque
932 616 1136 660 mittemus,
1157 629 1178 652 a
1203 629 1277 665 quo
1307 631 1381 654 non

201 669 314 705 modo
332 669 482 717 impulsi
502 681 632 705 sumus
651 670 694 705 ad
726 669 973 717 philosophiae
1005 670 1232 717 scriptiones,
1255 684 1381 708 verum
1406 708 1409 713 Α

201 722 312 758 etiam
332 722 503 759 lacessiti.
554 723 599 757 In
620 734 693 770 quo
714 729 896 770 quantum
914 723 1042 758 ceteris
1054 722 1238 770 profuturi
1254 724 1381 769 simus,

200 787 274 810 non
295 775 400 811 facile
419 775 624 811 dixerimus
642 790 649 819 ;
683 775 817 811 nostris
837 775 986 823 quidem
1005 776 1248 812 acerbissimis
1276 778 1380 814 dolo-

200 827 302 863 ribus
316 828 500 877 variisque
520 836 557 864 et
576 828 742 876 undique
758 827 988 864 circumfusis
1002 829 1179 865 molestiis
1195 830 1266 866 alia
1279 831 1382 868 nulla

199 884 321 932 potuit
340 884 497 919 inveniri
517 881 664 917 levatio.
