1471 2585
59 88 123 131 44,
145 81 230 134 45.]
423 96 527 120 Boox
558 95 601 119 11.
624 95 741 120 cHAP.
767 87 826 128 18,
852 86 913 121 19.
1200 88 1248 121 55

61 200 186 229 ranter
204 192 369 228 dolorem
389 190 490 239 pati;
522 202 590 225 nec
610 202 697 225 vero
724 191 922 239 quisquam
952 190 1034 233 fuit,
1055 190 1122 238 qui
1150 203 1247 234 eum,

62 247 127 294 qui
145 247 197 281 ita
215 252 413 294 pateretur,
437 257 510 279 non
540 243 768 279 laudandum
799 252 960 292 putaret.
1018 244 1132 283 Quod
1162 257 1248 293 ergo

56 299 100 335 'et
120 299 330 348 postulatur
349 310 370 333 a
389 298 546 333 fortibus
566 304 603 332 et
621 297 805 341 laudatur,
826 310 943 345 quum
965 297 1018 341 fit,
1038 297 1076 333 id
1096 304 1161 333 aut
1181 310 1249 333 ex-

63 354 252 389 timescere
282 351 434 387 veniens
465 357 531 386 aut
563 363 639 385 non
669 351 760 386 ferre
790 364 968 399 praesens,
989 364 1114 387 nonne
1143 358 1251 399 turpe

50 406 145 442 est?
203 405 323 453 Atqui
343 405 440 448 vide,
463 417 522 447 ne,
544 417 662 452 quum
698 417 826 440 omnes
856 412 968 441 rectae
999 404 1115 440 animi
1139 405 1250 440 affec-

63 460 182 496 tiones
204 461 354 494 vz'rtutes
374 458 622 507 appellentur,
643 470 716 493 non
739 459 787 494 sit
807 459 875 494 hoc
895 459 1085 507 proprium
1113 470 1250 494 nomen

63 513 242 557 omnium,
265 513 327 548 sed
348 513 394 547 ab
423 525 477 556 ea,
499 524 586 559 quae
614 524 690 547 una
718 512 849 548 ceteris
879 512 1101 555 excellebat,
1123 524 1252 547 omnes

64 567 266 602 nominatae
288 566 374 601 sint.
433 565 634 613 Appellata
653 573 710 601 est
729 565 825 601 enim
847 578 895 601 ex
917 567 995 602 viro
1016 565 1133 601 virtus
1151 579 1159 609 3
1182 565 1252 600 viri

65 627 191 656 autem
211 619 359 667 propria
377 619 541 654 maxime
561 624 618 654 est
637 619 828 655 fortitudo.
868 619 987 668 Cujus
1006 631 1160 654 munera
1177 619 1253 654 duo

65 681 153 709 sunt
173 673 350 717 maxima,
373 673 500 708 mortis
520 672 733 720 dolorisque
755 673 997 721 contemptio.
1056 671 1253 708 Utendum

67 734 124 763 est
144 726 258 775 igitur
278 727 348 769 his,
371 727 401 762 si
422 726 568 762 virtutis
589 732 780 774 compotes
801 726 861 762 vel
884 726 1008 774 potius
1038 726 1067 761 si
1097 726 1167 761 viri
1189 738 1253 761 vo-

66 780 192 816 lumus
212 793 304 823 esse,
324 779 501 828 quoniam
524 792 545 815 a.
564 779 651 815 viris
672 779 790 815 virtus
818 792 955 815 nomen
984 786 1041 815 est
1069 786 1252 816 mutuata.

68 834 227 873 Quaeres
257 835 423 876 fortasse,
461 846 537 882 quo
574 833 710 877 m0d03
743 841 780 869 et
813 840 925 871 recte.
984 833 1116 870 Talem
1155 833 1254 868 enim

65 887 290 924 medicinam
311 887 545 935 philosophia
564 887 771 934 profitetur.

121 941 233 978 XIX.
264 940 381 977 Venit
400 941 599 989 EpicuruS,
615 940 727 976 homo
747 940 900 976 minime
916 940 1035 976 malus
1051 939 1111 976 vel
1130 939 1255 987 potius

68 995 125 1030 vir
144 995 333 1043 optimus;
363 1001 508 1030 tantum
530 1001 667 1037 monet,
690 1001 872 1041 quantum
893 994 1080 1042 intelligit.
1139 995 1162 1011 “
1178 994 1255 1029 Ne-

69 1049 181 1097 glige,
201 1048 337 1096 inquit,
367 1047 572 1083 dolorem.”
630 1048 726 1086 Quis
760 1048 830 1083 hoc
866 1047 984 1083 dicit?
1043 1047 1161 1092 Idem,
1190 1046 1255 1095 qui

71 1102 237 1138 dolorem
258 1113 446 1137 summum
467 1101 622 1136 malum.
682 1101 758 1137 Vix
781 1101 869 1136 satis
890 1107 1115 1137 constanter,
1172 1103 1255 1136 Au-

71 1155 230 1191 diamus.
261 1156 284 1173 “
307 1155 346 1190 Si
367 1166 537 1190 summus
557 1154 663 1190 dolor
682 1161 750 1197 est,
771 1154 905 1202 inquit,
927 1155 1076 1190 brevem
1107 1166 1257 1191 necesse

71 1216 130 1244 est
147 1207 508 1244 esse.’'—Iteradum
537 1207 660 1243 eadem
689 1209 758 1243 ista
777 1208 894 1250 milzi;
926 1219 1000 1243 non
1035 1207 1133 1243 enim
1168 1208 1257 1243 satis

71 1262 250 1310 intelligo,
273 1262 362 1310 quid
383 1273 570 1297 summurn
592 1261 691 1296 dicas
707 1274 798 1304 esse,
816 1261 907 1309 quid
922 1262 1129 1297 breve.-—-“
1145 1261 1257 1297 Sum-

72 1328 187 1358 mum,
210 1328 284 1363 quo
304 1315 397 1350 nihil
427 1315 475 1350 sit
503 1314 701 1363 superius3
732 1314 856 1358 breve,
878 1327 952 1362 quo
981 1315 1073 1350 nihil
1092 1314 1256 1350 brevius.

74 1369 282 1405 Contemno
316 1368 613 1417 magnitudinem
652 1368 801 1411 doloris,
835 1381 856 1403 a
893 1380 968 1416 qua
1003 1381 1063 1404 me
1096 1368 1258 1404 brevitas

73 1423 249 1471 temporis
270 1422 475 1458 vindicabit
493 1429 579 1457 ante
609 1434 729 1470 paene,
751 1434 863 1470 quam
894 1422 1205 1457 venerit.'’———Sed
1227 1421 1258 1456 si

74 1482 131 1512 est
160 1482 288 1512 tantus
322 1475 439 1519 dolor,
462 1482 626 1523 quantus
659 1475 882 1511 Philoctetae
898 1475 994 1511 ?—“
1014 1477 1115 1512 Bene
1147 1475 1257 1523 plane

73 1542 230 1578 magnus
251 1529 339 1564 mihi
361 1529 511 1576 quidem
533 1529 692 1571 videtur,
716 1529 778 1565 sed
812 1536 936 1565 tamen
967 1541 1041 1564 non
1073 1541 1255 1564 summus.

75 1582 179 1618 Nihil
199 1583 297 1618 enim
317 1583 418 1618 dolet
436 1582 506 1618 nisi
537 1595 626 1630 pes:
656 1589 815 1630 possunt
842 1582 952 1625 oculi,
982 1588 1105 1630 potest
1133 1589 1257 1629 caput,

73 1636 200 1679 latera,
230 1636 438 1684 pulmones,
460 1643 618 1684 possunt
647 1637 793 1679 omnia;
826 1636 935 1684 longe
964 1635 1077 1683 igitur
1104 1636 1211 1671 abest
1238 1648 1260 1670 a

76 1702 224 1726 summo
257 1690 396 1725 dolore.
454 1689 566 1737 Ergo,
597 1690 732 1736 inquit,
771 1689 877 1725 dolor
912 1689 1112 1724 diuturnus
1148 1688 1261 1724 habet

1275 948 1315 976 44

74 1743 219 1779 laetitiae
239 1743 324 1791 plus
343 1755 456 1791 quam
477 1742 868 1778 molestiae.’'—-Nunc
898 1755 965 1790 ego
995 1755 1070 1777 non
1092 1754 1258 1790 possum,
1279 1751 1318 1779 45

75 1803 221 1832 tantum
250 1797 438 1832 hominem
470 1796 562 1832 nihil
592 1808 730 1844 sapere,
763 1797 908 1840 dicere3
941 1795 1005 1831 sed
1034 1808 1102 1830 nos
1132 1796 1178 1831 ab
1217 1808 1259 1831 eo

76 1849 232 1885 derideri
252 1857 357 1897 puto.
415 1849 497 1898 Ego
518 1862 706 1885 summum
721 1849 884 1884 dolorem
902 1847 1111 1897 (summurn
1131 1855 1258 1885 autem

76 1903 170 1947 dico,
192 1904 303 1939 etiam
324 1903 353 1938 si
374 1903 499 1938 decem
516 1903 648 1938 atomis
664 1908 720 1937 est
731 1901 848 1950 major
860 1900 974 1950 alius)
990 1915 1064 1937 non
1081 1902 1259 1939 continuo

76 1969 156 1993 esse
176 1957 257 1993 dico
275 1957 436 2000 brevem,
458 1956 672 2003 multosque
693 1968 843 2003 possum
863 1956 981 1991 bonos
1011 1956 1108 1992 viros
1138 1956 1259 1991 nomi-

77 2022 177 2053 nare,
199 2011 265 2059 qui
285 2009 493 2057 complures
514 2022 630 2044 annos
647 2009 837 2045 doloribus
858 2010 1031 2058 podagrae
1049 2009 1261 2044 crucientur

75 2063 265 2100 maximis.
335 2063 408 2098 Sed
446 2063 557 2098 homo
595 2069 698 2098 catus
736 2075 943 2111 numquam
981 2063 1156 2098 terminat
1192 2074 1260 2098 nec

76 2116 345 2165 magnitudinis
374 2129 441 2151 nec
470 2116 722 2151 diuturnitatis
750 2117 917 2159 modum,
944 2122 987 2151 ut
1016 2115 1140 2159 sciam,
1171 2115 1261 2163 quid

77 2183 267 2206 summum
287 2170 386 2206 dieat
403 2169 439 2204 in
462 2169 599 2211 dolore,
620 2169 710 2216 quid
728 2170 840 2205 breve
853 2170 890 2204 in
908 2177 1085 2217 tempore.
1136 2169 1261 2205 Ornit-

77 2231 200 2259 tamus
234 2224 334 2260 hunc
366 2223 478 2271 igitur
505 2222 597 2257 nihil
623 2235 771 2270 prorsus
795 2223 978 2258 dicentem
1009 2235 1261 2270 cogamusque

77 2277 257 2321 confiteri,
278 2289 352 2312 non
374 2288 453 2312 esse
474 2276 519 2312 ab
549 2288 590 2311 eo
620 2276 756 2312 doloris
778 2276 940 2311 remedia
959 2276 1172 2323 quaerenda,
1195 2275 1262 2323 qui

79 2330 242 2366 dolorem
272 2330 454 2366 malorum
484 2329 650 2366 omnium
679 2329 888 2365 maximum
917 2328 1068 2374 dixerit,
1089 2329 1261 2378 quamvis
