<?xml version="1.0" encoding="UTF-8"?>
<!DOCTYPE html PUBLIC "-//W3C//DTD XHTML 1.0 Transitional//EN"
    "http://www.w3.org/TR/xhtml1/DTD/xhtml1-transitional.dtd">
<html xmlns="http://www.w3.org/1999/xhtml" xml:lang="en" lang="en">
 <head>
  <title>
</title>
<meta http-equiv="Content-Type" content="text/html;charset=utf-8" />
  <meta name='ocr-system' content='tesseract 3.04.00' />
  <meta name='ocr-capabilities' content='ocr_page ocr_carea ocr_par ocr_line ocrx_word'/>
</head>
<body>
  <div class='ocr_page' id='page_1' title='image "./tusculandisputat00ciceuoft_0152.png"; bbox 0 0 1471 2585; ppageno 0'>
   <div class='ocr_carea' id='block_1_1' title="bbox 210 94 1383 147">
    <p class='ocr_par' dir='ltr' id='par_1_1' title="bbox 210 94 1383 147">
     <span class='ocr_line' id='line_1_1' title="bbox 210 94 1383 147; baseline 0.002 -13"><span class='ocrx_word' id='word_1_1' title='bbox 210 99 284 134; x_wconf 86' lang='lat'><strong>144</strong></span> <span class='ocrx_word' id='word_1_2' title='bbox 500 109 700 135; x_wconf 78' lang='lat' dir='ltr'>TUSCULAN</span> <span class='ocrx_word' id='word_1_3' title='bbox 736 108 1035 136; x_wconf 66' lang='lat' dir='ltr'><strong>ommim-nous.</strong></span> <span class='ocrx_word' id='word_1_4' title='bbox 1193 94 1383 147; x_wconf 83' lang='lat'><strong>[84—86.</strong></span> 
     </span>
    </p>
   </div>
   <div class='ocr_carea' id='block_1_2' title="bbox 153 204 1395 2426">
    <p class='ocr_par' dir='ltr' id='par_1_2' title="bbox 208 204 1387 412">
     <span class='ocr_line' id='line_1_2' title="bbox 208 204 1387 252; baseline 0 -12"><span class='ocrx_word' id='word_1_5' title='bbox 208 216 302 252; x_wconf 88' lang='lat' dir='ltr'><strong>quos</strong></span> <span class='ocrx_word' id='word_1_6' title='bbox 332 204 602 241; x_wconf 83' lang='lat' dir='ltr'>studiosissime</span> <span class='ocrx_word' id='word_1_7' title='bbox 631 217 774 252; x_wconf 86' lang='lat' dir='ltr'><strong>semper</strong></span> <span class='ocrx_word' id='word_1_8' title='bbox 801 205 993 241; x_wconf 82' lang='lat' dir='ltr'>refellebat</span> <span class='ocrx_word' id='word_1_9' title='bbox 1020 210 1057 240; x_wconf 85' lang='lat' dir='ltr'><strong>et</strong></span> <span class='ocrx_word' id='word_1_10' title='bbox 1082 210 1209 241; x_wconf 84' lang='lat' dir='ltr'><strong>contra</strong></span> <span class='ocrx_word' id='word_1_11' title='bbox 1228 216 1387 252; x_wconf 89' lang='lat' dir='ltr'><strong>quorum</strong></span> 
     </span>
     <span class='ocr_line' id='line_1_3' title="bbox 209 258 1387 306; baseline 0 -13"><span class='ocrx_word' id='word_1_12' title='bbox 209 258 443 306; x_wconf 83' lang='lat' dir='ltr'>disciplinam</span> <span class='ocrx_word' id='word_1_13' title='bbox 472 258 661 305; x_wconf 82' lang='lat' dir='ltr'>ingenium</span> <span class='ocrx_word' id='word_1_14' title='bbox 687 259 766 306; x_wconf 85' lang='lat' dir='ltr'><strong>ejus</strong></span> <span class='ocrx_word' id='word_1_15' title='bbox 795 265 1003 302; x_wconf 83' lang='lat' dir='ltr'><strong>exarserat3</strong></span> <span class='ocrx_word' id='word_1_16' title='bbox 1034 270 1102 293; x_wconf 90' lang='lat' dir='ltr'><strong>nos</strong></span> <span class='ocrx_word' id='word_1_17' title='bbox 1121 258 1216 293; x_wconf 88' lang='lat' dir='ltr'><strong>illud</strong></span> <span class='ocrx_word' id='word_1_18' title='bbox 1236 258 1387 305; x_wconf 87' lang='lat' dir='ltr'><strong>quidem</strong></span> 
     </span>
     <span class='ocr_line' id='line_1_4' title="bbox 210 311 1387 359; baseline -0.001 -13"><span class='ocrx_word' id='word_1_19' title='bbox 210 323 293 346; x_wconf 90' lang='lat' dir='ltr'><strong>cum</strong></span> <span class='ocrx_word' id='word_1_20' title='bbox 315 323 403 359; x_wconf 79' lang='lat' dir='ltr'><strong>pace</strong></span> <span class='ocrx_word' id='word_1_21' title='bbox 423 324 588 358; x_wconf 80' lang='lat' dir='ltr'><strong>agemuS.</strong></span> <span class='ocrx_word' id='word_1_22' title='bbox 649 311 690 347; x_wconf 86' lang='lat' dir='ltr'><strong>Si</strong></span> <span class='ocrx_word' id='word_1_23' title='bbox 709 311 808 347; x_wconf 90' lang='lat' dir='ltr'><strong>enim</strong></span> <span class='ocrx_word' id='word_1_24' title='bbox 828 311 942 346; x_wconf 87' lang='lat' dir='ltr'>Stoici</span> <span class='ocrx_word' id='word_1_25' title='bbox 963 311 1054 347; x_wconf 89' lang='lat' dir='ltr'><strong>fines</strong></span> <span class='ocrx_word' id='word_1_26' title='bbox 1081 311 1263 347; x_wconf 89' lang='lat' dir='ltr'><strong>bonorum</strong></span> <span class='ocrx_word' id='word_1_27' title='bbox 1290 316 1387 346; x_wconf 89' lang='lat' dir='ltr'><strong>recte</strong></span> 
     </span>
     <span class='ocr_line' id='line_1_5' title="bbox 210 364 1387 412; baseline -0.001 -13"><span class='ocrx_word' id='word_1_28' title='bbox 210 372 427 411; x_wconf 88' lang='lat' dir='ltr'><strong>posuerunt,</strong></span> <span class='ocrx_word' id='word_1_29' title='bbox 449 364 615 399; x_wconf 89' lang='lat' dir='ltr'><strong>confecta</strong></span> <span class='ocrx_word' id='word_1_30' title='bbox 633 376 688 399; x_wconf 92' lang='lat' dir='ltr'><strong>res</strong></span> <span class='ocrx_word' id='word_1_31' title='bbox 708 371 763 400; x_wconf 87' lang='lat' dir='ltr'><strong>est</strong></span> <span class='ocrx_word' id='word_1_32' title='bbox 781 378 788 407; x_wconf 90' lang='grc'>;</span> <span class='ocrx_word' id='word_1_33' title='bbox 820 376 969 399; x_wconf 88' lang='lat' dir='ltr'><strong>necesse</strong></span> <span class='ocrx_word' id='word_1_34' title='bbox 999 370 1054 399; x_wconf 90' lang='lat' dir='ltr'><strong>est</strong></span> <span class='ocrx_word' id='word_1_35' title='bbox 1074 376 1218 412; x_wconf 86' lang='lat' dir='ltr'><strong>semper</strong></span> <span class='ocrx_word' id='word_1_36' title='bbox 1237 364 1387 399; x_wconf 90' lang='lat' dir='ltr'><strong>beatum</strong></span> 
     </span>
    </p>

    <p class='ocr_par' dir='ltr' id='par_1_3' title="bbox 153 417 1388 623">
     <span class='ocr_line' id='line_1_6' title="bbox 153 417 1388 465; baseline 0 -13"><span class='ocrx_word' id='word_1_37' title='bbox 153 419 193 449; x_wconf 83' lang='lat'><strong>84</strong></span> <span class='ocrx_word' id='word_1_38' title='bbox 212 429 290 452; x_wconf 89' lang='lat' dir='ltr'><strong>esse</strong></span> <span class='ocrx_word' id='word_1_39' title='bbox 311 417 529 465; x_wconf 84' lang='lat' dir='ltr'><strong>sapientem.</strong></span> <span class='ocrx_word' id='word_1_40' title='bbox 575 417 646 452; x_wconf 88' lang='lat' dir='ltr'><strong>Sed</strong></span> <span class='ocrx_word' id='word_1_41' title='bbox 667 429 882 465; x_wconf 81' lang='lat' dir='ltr'><strong>quaeramus</strong></span> <span class='ocrx_word' id='word_1_42' title='bbox 905 429 1205 465; x_wconf 82' lang='lat' dir='ltr'><strong>unamquamque</strong></span> <span class='ocrx_word' id='word_1_43' title='bbox 1226 417 1388 464; x_wconf 86' lang='lat' dir='ltr'><strong>reliquo·</strong></span> 
     </span>
     <span class='ocr_line' id='line_1_7' title="bbox 212 469 1386 518; baseline 0 -14"><span class='ocrx_word' id='word_1_44' title='bbox 212 481 295 505; x_wconf 88' lang='lat' dir='ltr'><strong>rum</strong></span> <span class='ocrx_word' id='word_1_45' title='bbox 316 471 549 513; x_wconf 82' lang='lat' dir='ltr'><strong>sententiam,</strong></span> <span class='ocrx_word' id='word_1_46' title='bbox 572 470 601 505; x_wconf 87' lang='lat' dir='ltr'><strong>si</strong></span> <span class='ocrx_word' id='word_1_47' title='bbox 621 469 698 505; x_wconf 87' lang='lat' dir='ltr'><strong>fieri</strong></span> <span class='ocrx_word' id='word_1_48' title='bbox 724 477 858 518; x_wconf 88' lang='lat' dir='ltr'><strong>potest,</strong></span> <span class='ocrx_word' id='word_1_49' title='bbox 886 477 929 505; x_wconf 92' lang='lat' dir='ltr'><strong>ut</strong></span> <span class='ocrx_word' id='word_1_50' title='bbox 954 470 1023 505; x_wconf 89' lang='lat' dir='ltr'><strong>hoc</strong></span> <span class='ocrx_word' id='word_1_51' title='bbox 1042 471 1260 517; x_wconf 82' lang='lat' dir='ltr'><strong>praeclarum</strong></span> <span class='ocrx_word' id='word_1_52' title='bbox 1282 469 1386 516; x_wconf 85' lang='lat' dir='ltr'><strong>quasi</strong></span> 
     </span>
     <span class='ocr_line' id='line_1_8' title="bbox 212 522 1388 571; baseline -0.001 -13"><span class='ocrx_word' id='word_1_53' title='bbox 212 523 399 558; x_wconf 86' lang='lat' dir='ltr'><strong>decretum</strong></span> <span class='ocrx_word' id='word_1_54' title='bbox 421 523 539 559; x_wconf 89' lang='lat' dir='ltr'><strong>beatae</strong></span> <span class='ocrx_word' id='word_1_55' title='bbox 561 523 647 558; x_wconf 87' lang='lat' dir='ltr'><strong>vitae</strong></span> <span class='ocrx_word' id='word_1_56' title='bbox 669 523 785 571; x_wconf 85' lang='lat' dir='ltr'><strong>possit</strong></span> <span class='ocrx_word' id='word_1_57' title='bbox 805 523 973 558; x_wconf 89' lang='lat' dir='ltr'><strong>omnium</strong></span> <span class='ocrx_word' id='word_1_58' title='bbox 1001 523 1192 559; x_wconf 86' lang='lat' dir='ltr'><strong>sententiis</strong></span> <span class='ocrx_word' id='word_1_59' title='bbox 1221 529 1259 558; x_wconf 88' lang='lat' dir='ltr'><strong>et</strong></span> <span class='ocrx_word' id='word_1_60' title='bbox 1277 522 1388 558; x_wconf 90' lang='lat' dir='ltr'><strong>disci-</strong></span> 
     </span>
     <span class='ocr_line' id='line_1_9' title="bbox 213 575 552 623; baseline 0.006 -13"><span class='ocrx_word' id='word_1_61' title='bbox 213 575 326 623; x_wconf 88' lang='lat' dir='ltr'><strong>plinis</strong></span> <span class='ocrx_word' id='word_1_62' title='bbox 343 576 552 612; x_wconf 89' lang='lat' dir='ltr'><strong>convenire.</strong></span> 
     </span>
    </p>

    <p class='ocr_par' dir='ltr' id='par_1_4' title="bbox 213 628 1391 994">
     <span class='ocr_line' id='line_1_10' title="bbox 266 628 1388 676; baseline 0 -12"><span class='ocrx_word' id='word_1_63' title='bbox 266 628 395 664; x_wconf 90' lang='lat' dir='ltr'><strong>XXX.</strong></span> <span class='ocrx_word' id='word_1_64' title='bbox 427 629 524 664; x_wconf 87' lang='lat' dir='ltr'><strong>Sunt</strong></span> <span class='ocrx_word' id='word_1_65' title='bbox 543 636 665 664; x_wconf 85' lang='lat' dir='ltr'><strong>autem</strong></span> <span class='ocrx_word' id='word_1_66' title='bbox 693 629 754 664; x_wconf 88' lang='lat' dir='ltr'><strong>hae</strong></span> <span class='ocrx_word' id='word_1_67' title='bbox 774 629 818 664; x_wconf 88' lang='lat' dir='ltr'><strong>de</strong></span> <span class='ocrx_word' id='word_1_68' title='bbox 840 629 990 671; x_wconf 87' lang='lat' dir='ltr'><strong>finibus,</strong></span> <span class='ocrx_word' id='word_1_69' title='bbox 1010 634 1051 664; x_wconf 87' lang='lat' dir='ltr'><strong>ut</strong></span> <span class='ocrx_word' id='word_1_70' title='bbox 1072 628 1212 676; x_wconf 85' lang='lat' dir='ltr'>opinor,</span> <span class='ocrx_word' id='word_1_71' title='bbox 1234 634 1388 664; x_wconf 88' lang='lat' dir='ltr'><strong>retentae</strong></span> 
     </span>
     <span class='ocr_line' id='line_1_11' title="bbox 213 681 1388 729; baseline 0.001 -13"><span class='ocrx_word' id='word_1_72' title='bbox 213 681 452 729; x_wconf 86' lang='lat' dir='ltr'><strong>defensaeque</strong></span> <span class='ocrx_word' id='word_1_73' title='bbox 490 682 697 717; x_wconf 83' lang='lat' dir='ltr'><strong>sententiae.</strong></span> <span class='ocrx_word' id='word_1_74' title='bbox 769 682 935 719; x_wconf 88' lang='lat' dir='ltr'><strong>Primum</strong></span> <span class='ocrx_word' id='word_1_75' title='bbox 970 681 1154 729; x_wconf 80' lang='lat' dir='ltr'><strong>simplices</strong></span> <span class='ocrx_word' id='word_1_76' title='bbox 1191 689 1388 728; x_wconf 85' lang='lat' dir='ltr'><strong>quattuor:</strong></span> 
     </span>
     <span class='ocr_line' id='line_1_12' title="bbox 213 734 1389 779; baseline 0 -9"><span class='ocrx_word' id='word_1_77' title='bbox 213 734 306 770; x_wconf 92' lang='lat' dir='ltr'><strong>nihil</strong></span> <span class='ocrx_word' id='word_1_78' title='bbox 335 735 488 777; x_wconf 91' lang='lat' dir='ltr'><strong>bonum,</strong></span> <span class='ocrx_word' id='word_1_79' title='bbox 519 735 590 770; x_wconf 89' lang='lat' dir='ltr'><strong>nisi</strong></span> <span class='ocrx_word' id='word_1_80' title='bbox 619 734 830 779; x_wconf 89' lang='lat' dir='ltr'><strong>honestum,</strong></span> <span class='ocrx_word' id='word_1_81' title='bbox 865 741 906 770; x_wconf 91' lang='lat' dir='ltr'><strong>ut</strong></span> <span class='ocrx_word' id='word_1_82' title='bbox 933 734 1070 778; x_wconf 84' lang='lat' dir='ltr'><strong>Stoici3</strong></span> <span class='ocrx_word' id='word_1_83' title='bbox 1114 734 1206 770; x_wconf 90' lang='lat' dir='ltr'><strong>nihil</strong></span> <span class='ocrx_word' id='word_1_84' title='bbox 1234 735 1389 777; x_wconf 90' lang='lat' dir='ltr'><strong>bonum,</strong></span> 
     </span>
     <span class='ocr_line' id='line_1_13' title="bbox 213 787 1390 836; baseline -0.001 -13"><span class='ocrx_word' id='word_1_85' title='bbox 213 788 284 823; x_wconf 88' lang='lat' dir='ltr'><strong>nisi</strong></span> <span class='ocrx_word' id='word_1_86' title='bbox 302 788 545 835; x_wconf 88' lang='lat' dir='ltr'><strong>voluptatem,</strong></span> <span class='ocrx_word' id='word_1_87' title='bbox 567 793 610 822; x_wconf 85' lang='lat' dir='ltr'><strong>ut</strong></span> <span class='ocrx_word' id='word_1_88' title='bbox 630 788 839 836; x_wconf 81' lang='lat' dir='ltr'><strong>Epicurus3</strong></span> <span class='ocrx_word' id='word_1_89' title='bbox 870 788 963 823; x_wconf 88' lang='lat' dir='ltr'><strong>nihil</strong></span> <span class='ocrx_word' id='word_1_90' title='bbox 991 788 1141 831; x_wconf 91' lang='lat' dir='ltr'><strong>bonum,</strong></span> <span class='ocrx_word' id='word_1_91' title='bbox 1165 787 1236 822; x_wconf 91' lang='lat' dir='ltr'><strong>nisi</strong></span> <span class='ocrx_word' id='word_1_92' title='bbox 1261 788 1390 823; x_wconf 88' lang='lat' dir='ltr'><strong>vacui-</strong></span> 
     </span>
     <span class='ocr_line' id='line_1_14' title="bbox 213 840 1390 888; baseline 0 -12"><span class='ocrx_word' id='word_1_93' title='bbox 213 847 326 876; x_wconf 89' lang='lat' dir='ltr'><strong>tatem</strong></span> <span class='ocrx_word' id='word_1_94' title='bbox 347 841 495 882; x_wconf 82' lang='lat' dir='ltr'><strong>doloris,</strong></span> <span class='ocrx_word' id='word_1_95' title='bbox 511 849 552 876; x_wconf 88' lang='lat' dir='ltr'><strong>ut</strong></span> <span class='ocrx_word' id='word_1_96' title='bbox 574 841 830 888; x_wconf 85' lang='lat' dir='ltr'><strong>Hieronymus</strong></span> <span class='ocrx_word' id='word_1_97' title='bbox 848 855 856 884; x_wconf 83' lang='lat'>3</span> <span class='ocrx_word' id='word_1_98' title='bbox 879 840 970 876; x_wconf 88' lang='lat' dir='ltr'><strong>nihil</strong></span> <span class='ocrx_word' id='word_1_99' title='bbox 987 841 1141 883; x_wconf 86' lang='lat' dir='ltr'><strong>bonum,</strong></span> <span class='ocrx_word' id='word_1_100' title='bbox 1157 840 1228 876; x_wconf 90' lang='lat' dir='ltr'><strong>nisi</strong></span> <span class='ocrx_word' id='word_1_101' title='bbox 1246 847 1390 876; x_wconf 88' lang='lat' dir='ltr'><strong>naturae</strong></span> 
     </span>
     <span class='ocr_line' id='line_1_15' title="bbox 213 893 1391 941; baseline 0 -12"><span class='ocrx_word' id='word_1_102' title='bbox 213 893 342 941; x_wconf 85' lang='lat' dir='ltr'><strong>primis</strong></span> <span class='ocrx_word' id='word_1_103' title='bbox 362 894 468 929; x_wconf 86' lang='lat' dir='ltr'><strong>bonis</strong></span> <span class='ocrx_word' id='word_1_104' title='bbox 488 900 554 929; x_wconf 84' lang='lat' dir='ltr'><strong>aut</strong></span> <span class='ocrx_word' id='word_1_105' title='bbox 569 894 742 929; x_wconf 87' lang='lat' dir='ltr'><strong>omnibus</strong></span> <span class='ocrx_word' id='word_1_106' title='bbox 759 901 823 930; x_wconf 88' lang='lat' dir='ltr'><strong>aut</strong></span> <span class='ocrx_word' id='word_1_107' title='bbox 838 893 1013 929; x_wconf 82' lang='lat' dir='ltr'><strong>maximis</strong></span> <span class='ocrx_word' id='word_1_108' title='bbox 1029 894 1111 936; x_wconf 85' lang='lat' dir='ltr'><strong>frui,</strong></span> <span class='ocrx_word' id='word_1_109' title='bbox 1127 902 1167 929; x_wconf 90' lang='lat' dir='ltr'><strong>ut</strong></span> <span class='ocrx_word' id='word_1_110' title='bbox 1183 894 1391 929; x_wconf 85' lang='lat' dir='ltr'><strong>Carneades</strong></span> 
     </span>
     <span class='ocr_line' id='line_1_16' title="bbox 215 946 1391 994; baseline -0.001 -12"><span class='ocrx_word' id='word_1_111' title='bbox 215 953 341 982; x_wconf 90' lang='lat' dir='ltr'><strong>contra</strong></span> <span class='ocrx_word' id='word_1_112' title='bbox 371 947 515 982; x_wconf 89' lang='lat' dir='ltr'><strong>Stoicos</strong></span> <span class='ocrx_word' id='word_1_113' title='bbox 543 947 758 982; x_wconf 86' lang='lat' dir='ltr'><strong>disserebat.</strong></span> <span class='ocrx_word' id='word_1_114' title='bbox 819 947 914 983; x_wconf 84' lang='lat' dir='ltr'><strong>Haec</strong></span> <span class='ocrx_word' id='word_1_115' title='bbox 942 946 1055 994; x_wconf 83' lang='lat' dir='ltr'><strong>igitur</strong></span> <span class='ocrx_word' id='word_1_116' title='bbox 1083 946 1286 994; x_wconf 79' lang='lat' dir='ltr'><strong>simplicia3</strong></span> <span class='ocrx_word' id='word_1_117' title='bbox 1327 946 1391 981; x_wconf 89' lang='lat' dir='ltr'><strong>illa</strong></span> 
     </span>
    </p>

    <p class='ocr_par' dir='ltr' id='par_1_5' title="bbox 158 999 1393 1407">
     <span class='ocr_line' id='line_1_17' title="bbox 158 999 1393 1048; baseline 0.001 -15"><span class='ocrx_word' id='word_1_118' title='bbox 158 1004 196 1033; x_wconf 86' lang='lat'><strong>85</strong></span> <span class='ocrx_word' id='word_1_119' title='bbox 215 1000 362 1036; x_wconf 82' lang='lat' dir='ltr'><strong>mixta:</strong></span> <span class='ocrx_word' id='word_1_120' title='bbox 397 1000 465 1035; x_wconf 89' lang='lat' dir='ltr'><strong>tria</strong></span> <span class='ocrx_word' id='word_1_121' title='bbox 493 1012 626 1048; x_wconf 84' lang='lat' dir='ltr'><strong>genera</strong></span> <span class='ocrx_word' id='word_1_122' title='bbox 654 1001 848 1044; x_wconf 91' lang='lat' dir='ltr'><strong>bonorum,</strong></span> <span class='ocrx_word' id='word_1_123' title='bbox 882 1000 1045 1035; x_wconf 84' lang='lat' dir='ltr'><strong>maxima</strong></span> <span class='ocrx_word' id='word_1_124' title='bbox 1075 999 1200 1042; x_wconf 87' lang='lat' dir='ltr'><strong>animi,</strong></span> <span class='ocrx_word' id='word_1_125' title='bbox 1231 999 1393 1035; x_wconf 89' lang='lat' dir='ltr'><strong>secunda</strong></span> 
     </span>
     <span class='ocr_line' id='line_1_18' title="bbox 213 1052 1389 1101; baseline -0.001 -13"><span class='ocrx_word' id='word_1_126' title='bbox 213 1053 387 1101; x_wconf 87' lang='lat' dir='ltr'><strong>corporis,</strong></span> <span class='ocrx_word' id='word_1_127' title='bbox 418 1061 573 1088; x_wconf 86' lang='lat' dir='ltr'><strong>externa</strong></span> <span class='ocrx_word' id='word_1_128' title='bbox 601 1053 719 1096; x_wconf 87' lang='lat' dir='ltr'><strong>tertia,</strong></span> <span class='ocrx_word' id='word_1_129' title='bbox 751 1060 791 1089; x_wconf 91' lang='lat' dir='ltr'><strong>ut</strong></span> <span class='ocrx_word' id='word_1_130' title='bbox 815 1052 1062 1100; x_wconf 86' lang='lat' dir='ltr'><strong>Peripatetici,</strong></span> <span class='ocrx_word' id='word_1_131' title='bbox 1091 1065 1159 1088; x_wconf 89' lang='lat' dir='ltr'><strong>nec</strong></span> <span class='ocrx_word' id='word_1_132' title='bbox 1188 1052 1307 1088; x_wconf 90' lang='lat' dir='ltr'><strong>multo</strong></span> <span class='ocrx_word' id='word_1_133' title='bbox 1327 1065 1389 1087; x_wconf 91' lang='lat' dir='ltr'><strong>ve-</strong></span> 
     </span>
     <span class='ocr_line' id='line_1_19' title="bbox 213 1105 1391 1154; baseline -0.001 -13"><span class='ocrx_word' id='word_1_134' title='bbox 213 1112 308 1142; x_wconf 90' lang='lat' dir='ltr'><strong>teres</strong></span> <span class='ocrx_word' id='word_1_135' title='bbox 322 1106 534 1142; x_wconf 86' lang='lat' dir='ltr'><strong>Academici</strong></span> <span class='ocrx_word' id='word_1_136' title='bbox 550 1119 678 1150; x_wconf 81' lang='lat' dir='ltr'><strong>secus3</strong></span> <span class='ocrx_word' id='word_1_137' title='bbox 708 1107 937 1154; x_wconf 89' lang='lat' dir='ltr'><strong>voluptatem</strong></span> <span class='ocrx_word' id='word_1_138' title='bbox 959 1118 1042 1141; x_wconf 88' lang='lat' dir='ltr'><strong>cum</strong></span> <span class='ocrx_word' id='word_1_139' title='bbox 1063 1106 1255 1141; x_wconf 89' lang='lat' dir='ltr'><strong>honestate</strong></span> <span class='ocrx_word' id='word_1_140' title='bbox 1273 1105 1391 1141; x_wconf 88' lang='lat' dir='ltr'><strong>Dino-</strong></span> 
     </span>
     <span class='ocr_line' id='line_1_20' title="bbox 213 1158 1391 1206; baseline 0.001 -13"><span class='ocrx_word' id='word_1_141' title='bbox 213 1158 367 1195; x_wconf 86' lang='lat' dir='ltr'><strong>machus</strong></span> <span class='ocrx_word' id='word_1_142' title='bbox 394 1166 431 1194; x_wconf 86' lang='lat' dir='ltr'><strong>et</strong></span> <span class='ocrx_word' id='word_1_143' title='bbox 458 1158 630 1206; x_wconf 79' lang='lat' dir='ltr'><strong>Callipho</strong></span> <span class='ocrx_word' id='word_1_144' title='bbox 660 1159 872 1206; x_wconf 85' lang='lat' dir='ltr'><strong>copulavit;</strong></span> <span class='ocrx_word' id='word_1_145' title='bbox 903 1158 1144 1194; x_wconf 85' lang='lat' dir='ltr'><strong>indolentiam</strong></span> <span class='ocrx_word' id='word_1_146' title='bbox 1174 1165 1299 1194; x_wconf 88' lang='lat' dir='ltr'><strong>autem</strong></span> <span class='ocrx_word' id='word_1_147' title='bbox 1324 1158 1391 1193; x_wconf 91' lang='lat' dir='ltr'><strong>ho-</strong></span> 
     </span>
     <span class='ocr_line' id='line_1_21' title="bbox 213 1211 1393 1259; baseline -0.001 -12"><span class='ocrx_word' id='word_1_148' title='bbox 213 1212 348 1248; x_wconf 87' lang='lat' dir='ltr'><strong>nestati</strong></span> <span class='ocrx_word' id='word_1_149' title='bbox 386 1212 654 1259; x_wconf 84' lang='lat' dir='ltr'><strong>Peripateticus</strong></span> <span class='ocrx_word' id='word_1_150' title='bbox 692 1213 878 1248; x_wconf 90' lang='lat' dir='ltr'><strong>Diodorus</strong></span> <span class='ocrx_word' id='word_1_151' title='bbox 925 1211 1110 1259; x_wconf 85' lang='lat' dir='ltr'><strong>adjunxit.</strong></span> <span class='ocrx_word' id='word_1_152' title='bbox 1185 1211 1259 1247; x_wconf 86' lang='lat' dir='ltr'><strong>Hae</strong></span> <span class='ocrx_word' id='word_1_153' title='bbox 1306 1217 1393 1246; x_wconf 91' lang='lat' dir='ltr'><strong>sunt</strong></span> 
     </span>
     <span class='ocr_line' id='line_1_22' title="bbox 213 1263 1390 1312; baseline -0.001 -12"><span class='ocrx_word' id='word_1_154' title='bbox 213 1265 420 1308; x_wconf 69' lang='lat' dir='ltr'><strong>sententiae,</strong></span> <span class='ocrx_word' id='word_1_155' title='bbox 443 1278 529 1312; x_wconf 86' lang='lat' dir='ltr'><strong>quae</strong></span> <span class='ocrx_word' id='word_1_156' title='bbox 558 1265 769 1301; x_wconf 86' lang='lat' dir='ltr'><strong>stabilitatis</strong></span> <span class='ocrx_word' id='word_1_157' title='bbox 798 1264 938 1312; x_wconf 86' lang='lat' dir='ltr'><strong>aliquid</strong></span> <span class='ocrx_word' id='word_1_158' title='bbox 966 1264 1147 1306; x_wconf 82' lang='lat' dir='ltr'><strong>habeant;</strong></span> <span class='ocrx_word' id='word_1_159' title='bbox 1180 1276 1265 1300; x_wconf 89' lang='lat' dir='ltr'><strong>nam</strong></span> <span class='ocrx_word' id='word_1_160' title='bbox 1286 1263 1390 1299; x_wconf 88' lang='lat' dir='ltr'><strong>Aris-</strong></span> 
     </span>
     <span class='ocr_line' id='line_1_23' title="bbox 213 1317 1391 1366; baseline -0.001 -13"><span class='ocrx_word' id='word_1_161' title='bbox 213 1318 324 1361; x_wconf 89' lang='lat' dir='ltr'><strong>tonis,</strong></span> <span class='ocrx_word' id='word_1_162' title='bbox 353 1318 569 1366; x_wconf 83' lang='lat' dir='ltr'><strong>PyrrhoniS‚</strong></span> <span class='ocrx_word' id='word_1_163' title='bbox 593 1318 727 1353; x_wconf 90' lang='lat' dir='ltr'><strong>Herilli</strong></span> <span class='ocrx_word' id='word_1_164' title='bbox 753 1317 1093 1365; x_wconf 84' lang='lat' dir='ltr'><strong>nonnullorumque</strong></span> <span class='ocrx_word' id='word_1_165' title='bbox 1120 1317 1275 1352; x_wconf 87' lang='lat' dir='ltr'><strong>aliorum</strong></span> <span class='ocrx_word' id='word_1_166' title='bbox 1304 1329 1391 1353; x_wconf 87' lang='lat' dir='ltr'><strong>eva-</strong></span> 
     </span>
     <span class='ocr_line' id='line_1_24' title="bbox 214 1379 389 1407; baseline 0.006 -1"><span class='ocrx_word' id='word_1_167' title='bbox 214 1379 389 1407; x_wconf 86' lang='lat' dir='ltr'><strong>nuerunt.</strong></span> 
     </span>
    </p>

    <p class='ocr_par' dir='ltr' id='par_1_6' title="bbox 213 1422 1393 2107">
     <span class='ocr_line' id='line_1_25' title="bbox 269 1422 1390 1471; baseline 0.001 -13"><span class='ocrx_word' id='word_1_168' title='bbox 269 1423 321 1459; x_wconf 90' lang='lat' dir='ltr'><strong>Hi</strong></span> <span class='ocrx_word' id='word_1_169' title='bbox 346 1424 436 1471; x_wconf 86' lang='lat' dir='ltr'><strong>quid</strong></span> <span class='ocrx_word' id='word_1_170' title='bbox 466 1423 609 1470; x_wconf 87' lang='lat' dir='ltr'><strong>possint</strong></span> <span class='ocrx_word' id='word_1_171' title='bbox 635 1423 814 1466; x_wconf 87' lang='lat' dir='ltr'><strong>obtinere,</strong></span> <span class='ocrx_word' id='word_1_172' title='bbox 841 1422 1046 1466; x_wconf 86' lang='lat' dir='ltr'><strong>videamus,</strong></span> <span class='ocrx_word' id='word_1_173' title='bbox 1077 1422 1222 1458; x_wconf 88' lang='lat' dir='ltr'><strong>omissis</strong></span> <span class='ocrx_word' id='word_1_174' title='bbox 1243 1422 1390 1466; x_wconf 85' lang='lat' dir='ltr'><strong>Stoicis,</strong></span> 
     </span>
     <span class='ocr_line' id='line_1_26' title="bbox 213 1475 1391 1524; baseline 0 -12"><span class='ocrx_word' id='word_1_175' title='bbox 213 1488 372 1523; x_wconf 90' lang='lat' dir='ltr'><strong>quorum</strong></span> <span class='ocrx_word' id='word_1_176' title='bbox 397 1476 484 1512; x_wconf 88' lang='lat' dir='ltr'><strong>satis</strong></span> <span class='ocrx_word' id='word_1_177' title='bbox 504 1477 631 1511; x_wconf 87' lang='lat' dir='ltr'><strong>videor</strong></span> <span class='ocrx_word' id='word_1_178' title='bbox 649 1476 855 1512; x_wconf 82' lang='lat' dir='ltr'><strong>defendisse</strong></span> <span class='ocrx_word' id='word_1_179' title='bbox 875 1475 1109 1512; x_wconf 89' lang='lat' dir='ltr'><strong>sententiam.</strong></span> <span class='ocrx_word' id='word_1_180' title='bbox 1168 1475 1218 1511; x_wconf 90' lang='lat' dir='ltr'><strong>Et</strong></span> <span class='ocrx_word' id='word_1_181' title='bbox 1239 1475 1391 1524; x_wconf 87' lang='lat' dir='ltr'><strong>Peripa-</strong></span> 
     </span>
     <span class='ocr_line' id='line_1_27' title="bbox 214 1528 1391 1577; baseline 0.001 -13"><span class='ocrx_word' id='word_1_182' title='bbox 214 1529 407 1565; x_wconf 88' lang='lat' dir='ltr'><strong>teticorum</strong></span> <span class='ocrx_word' id='word_1_183' title='bbox 435 1529 583 1577; x_wconf 89' lang='lat' dir='ltr'><strong>quidem</strong></span> <span class='ocrx_word' id='word_1_184' title='bbox 614 1529 802 1577; x_wconf 83' lang='lat' dir='ltr'><strong>explicata</strong></span> <span class='ocrx_word' id='word_1_185' title='bbox 830 1541 960 1564; x_wconf 89' lang='lat' dir='ltr'><strong>caussa</strong></span> <span class='ocrx_word' id='word_1_186' title='bbox 988 1536 1066 1572; x_wconf 78' lang='lat' dir='ltr'><strong>est3</strong></span> <span class='ocrx_word' id='word_1_187' title='bbox 1106 1535 1242 1576; x_wconf 86' lang='lat' dir='ltr'><strong>praeter</strong></span> <span class='ocrx_word' id='word_1_188' title='bbox 1267 1528 1391 1565; x_wconf 89' lang='lat' dir='ltr'><strong>Theo-</strong></span> 
     </span>
     <span class='ocr_line' id='line_1_28' title="bbox 213 1581 1393 1630; baseline -0.001 -12"><span class='ocrx_word' id='word_1_189' title='bbox 213 1582 406 1630; x_wconf 88' lang='lat' dir='ltr'><strong>phrastum</strong></span> <span class='ocrx_word' id='word_1_190' title='bbox 445 1589 481 1618; x_wconf 91' lang='lat' dir='ltr'><strong>et</strong></span> <span class='ocrx_word' id='word_1_191' title='bbox 518 1583 547 1617; x_wconf 89' lang='lat' dir='ltr'><strong>si</strong></span> <span class='ocrx_word' id='word_1_192' title='bbox 581 1582 646 1630; x_wconf 89' lang='lat' dir='ltr'><strong>qui</strong></span> <span class='ocrx_word' id='word_1_193' title='bbox 682 1583 788 1618; x_wconf 85' lang='lat' dir='ltr'><strong>illurn</strong></span> <span class='ocrx_word' id='word_1_194' title='bbox 833 1581 949 1617; x_wconf 85' lang='lat' dir='ltr'><strong>secuti</strong></span> <span class='ocrx_word' id='word_1_195' title='bbox 985 1581 1207 1617; x_wconf 88' lang='lat' dir='ltr'><strong>imbecillius</strong></span> <span class='ocrx_word' id='word_1_196' title='bbox 1244 1581 1393 1618; x_wconf 84' lang='lat' dir='ltr'><strong>horrent</strong></span> 
     </span>
     <span class='ocr_line' id='line_1_29' title="bbox 213 1634 1391 1682; baseline -0.001 -11"><span class='ocrx_word' id='word_1_197' title='bbox 213 1635 377 1671; x_wconf 83' lang='lat' dir='ltr'><strong>dolorem</strong></span> <span class='ocrx_word' id='word_1_198' title='bbox 397 1642 435 1671; x_wconf 91' lang='lat' dir='ltr'><strong>et</strong></span> <span class='ocrx_word' id='word_1_199' title='bbox 458 1635 709 1678; x_wconf 81' lang='lat' dir='ltr'><strong>reformidant,</strong></span> <span class='ocrx_word' id='word_1_200' title='bbox 737 1635 888 1682; x_wconf 86' lang='lat' dir='ltr'><strong>reliquis</strong></span> <span class='ocrx_word' id='word_1_201' title='bbox 909 1635 1058 1682; x_wconf 89' lang='lat' dir='ltr'><strong>quidem</strong></span> <span class='ocrx_word' id='word_1_202' title='bbox 1085 1634 1170 1670; x_wconf 88' lang='lat' dir='ltr'><strong>licet</strong></span> <span class='ocrx_word' id='word_1_203' title='bbox 1198 1634 1313 1670; x_wconf 87' lang='lat' dir='ltr'><strong>facere</strong></span> <span class='ocrx_word' id='word_1_204' title='bbox 1341 1634 1391 1678; x_wconf 88' lang='lat' dir='ltr'><strong>id,</strong></span> 
     </span>
     <span class='ocr_line' id='line_1_30' title="bbox 214 1687 1392 1736; baseline -0.002 -12"><span class='ocrx_word' id='word_1_205' title='bbox 214 1689 315 1736; x_wconf 89' lang='lat' dir='ltr'><strong>quod</strong></span> <span class='ocrx_word' id='word_1_206' title='bbox 339 1689 410 1725; x_wconf 87' lang='lat' dir='ltr'><strong>fere</strong></span> <span class='ocrx_word' id='word_1_207' title='bbox 438 1689 588 1732; x_wconf 88' lang='lat' dir='ltr'><strong>faciunt,</strong></span> <span class='ocrx_word' id='word_1_208' title='bbox 619 1698 661 1724; x_wconf 90' lang='lat' dir='ltr'><strong>ut</strong></span> <span class='ocrx_word' id='word_1_209' title='bbox 689 1689 907 1736; x_wconf 81' lang='lat' dir='ltr'><strong>gravitatem</strong></span> <span class='ocrx_word' id='word_1_210' title='bbox 935 1688 1226 1735; x_wconf 84' lang='lat' dir='ltr'><strong>dignitatemque</strong></span> <span class='ocrx_word' id='word_1_211' title='bbox 1246 1687 1392 1723; x_wconf 90' lang='lat' dir='ltr'><strong>virtutis</strong></span> 
     </span>
     <span class='ocr_line' id='line_1_31' title="bbox 213 1740 1392 1790; baseline -0.001 -13"><span class='ocrx_word' id='word_1_212' title='bbox 213 1748 452 1790; x_wconf 83' lang='lat' dir='ltr'><strong>exaggerent.</strong></span> <span class='ocrx_word' id='word_1_213' title='bbox 511 1742 634 1780; x_wconf 77' lang='lat' dir='ltr'><strong>Quam</strong></span> <span class='ocrx_word' id='word_1_214' title='bbox 661 1753 778 1788; x_wconf 88' lang='lat' dir='ltr'><strong>quum</strong></span> <span class='ocrx_word' id='word_1_215' title='bbox 805 1742 850 1776; x_wconf 82' lang='lat' dir='ltr'><strong>ad</strong></span> <span class='ocrx_word' id='word_1_216' title='bbox 878 1741 1011 1776; x_wconf 80' lang='lat' dir='ltr'><strong>caelum</strong></span> <span class='ocrx_word' id='word_1_217' title='bbox 1039 1741 1269 1783; x_wconf 88' lang='lat' dir='ltr'><strong>extulerunt,</strong></span> <span class='ocrx_word' id='word_1_218' title='bbox 1291 1740 1392 1788; x_wconf 90' lang='lat' dir='ltr'><strong>quod</strong></span> 
     </span>
     <span class='ocr_line' id='line_1_32' title="bbox 213 1793 1390 1842; baseline -0.002 -12"><span class='ocrx_word' id='word_1_219' title='bbox 213 1794 329 1830; x_wconf 88' lang='lat' dir='ltr'><strong>facere</strong></span> <span class='ocrx_word' id='word_1_220' title='bbox 362 1794 579 1842; x_wconf 85' lang='lat' dir='ltr'><strong>eloquentes</strong></span> <span class='ocrx_word' id='word_1_221' title='bbox 613 1794 779 1830; x_wconf 88' lang='lat' dir='ltr'><strong>homines</strong></span> <span class='ocrx_word' id='word_1_222' title='bbox 815 1795 961 1842; x_wconf 90' lang='lat' dir='ltr'><strong>copiose</strong></span> <span class='ocrx_word' id='word_1_223' title='bbox 997 1793 1130 1837; x_wconf 88' lang='lat' dir='ltr'><strong>solent,</strong></span> <span class='ocrx_word' id='word_1_224' title='bbox 1167 1793 1312 1842; x_wconf 86' lang='lat' dir='ltr'><strong>reliqua</strong></span> <span class='ocrx_word' id='word_1_225' title='bbox 1342 1805 1390 1829; x_wconf 87' lang='lat' dir='ltr'><strong>ex</strong></span> 
     </span>
     <span class='ocr_line' id='line_1_33' title="bbox 214 1845 1391 1895; baseline -0.001 -13"><span class='ocrx_word' id='word_1_226' title='bbox 214 1847 411 1883; x_wconf 85' lang='lat' dir='ltr'><strong>collatione</strong></span> <span class='ocrx_word' id='word_1_227' title='bbox 439 1847 543 1883; x_wconf 87' lang='lat' dir='ltr'><strong>facile</strong></span> <span class='ocrx_word' id='word_1_228' title='bbox 570 1853 626 1883; x_wconf 89' lang='lat' dir='ltr'><strong>est</strong></span> <span class='ocrx_word' id='word_1_229' title='bbox 652 1855 838 1883; x_wconf 85' lang='lat' dir='ltr'><strong>conterere</strong></span> <span class='ocrx_word' id='word_1_230' title='bbox 867 1855 978 1895; x_wconf 88' lang='lat' dir='ltr'><strong>atque</strong></span> <span class='ocrx_word' id='word_1_231' title='bbox 1005 1853 1251 1883; x_wconf 87' lang='lat' dir='ltr'><strong>contemnere.</strong></span> <span class='ocrx_word' id='word_1_232' title='bbox 1312 1845 1391 1882; x_wconf 85' lang='lat' dir='ltr'><strong>Nec</strong></span> 
     </span>
     <span class='ocr_line' id='line_1_34' title="bbox 214 1900 1392 1948; baseline -0.001 -13"><span class='ocrx_word' id='word_1_233' title='bbox 214 1900 311 1936; x_wconf 89' lang='lat' dir='ltr'><strong>enim</strong></span> <span class='ocrx_word' id='word_1_234' title='bbox 342 1900 427 1935; x_wconf 91' lang='lat' dir='ltr'><strong>licet</strong></span> <span class='ocrx_word' id='word_1_235' title='bbox 458 1900 515 1943; x_wconf 84' lang='lat' dir='ltr'><strong>iis,</strong></span> <span class='ocrx_word' id='word_1_236' title='bbox 543 1900 607 1947; x_wconf 90' lang='lat' dir='ltr'><strong>qui</strong></span> <span class='ocrx_word' id='word_1_237' title='bbox 637 1900 785 1936; x_wconf 88' lang='lat' dir='ltr'><strong>laudem</strong></span> <span class='ocrx_word' id='word_1_238' title='bbox 817 1913 900 1936; x_wconf 91' lang='lat' dir='ltr'><strong>cum</strong></span> <span class='ocrx_word' id='word_1_239' title='bbox 933 1900 1057 1935; x_wconf 91' lang='lat' dir='ltr'><strong>dolore</strong></span> <span class='ocrx_word' id='word_1_240' title='bbox 1086 1900 1283 1948; x_wconf 87' lang='lat' dir='ltr'><strong>petendam</strong></span> <span class='ocrx_word' id='word_1_241' title='bbox 1311 1911 1392 1934; x_wconf 86' lang='lat' dir='ltr'><strong>esse</strong></span> 
     </span>
     <span class='ocr_line' id='line_1_35' title="bbox 214 1952 1390 2001; baseline -0.002 -12"><span class='ocrx_word' id='word_1_242' title='bbox 214 1953 350 1995; x_wconf 88' lang='lat' dir='ltr'><strong>dicant,</strong></span> <span class='ocrx_word' id='word_1_243' title='bbox 383 1965 515 2001; x_wconf 84' lang='lat' dir='ltr'><strong>negare</strong></span> <span class='ocrx_word' id='word_1_244' title='bbox 545 1966 607 1988; x_wconf 89' lang='lat' dir='ltr'><strong>eos</strong></span> <span class='ocrx_word' id='word_1_245' title='bbox 638 1966 717 1989; x_wconf 88' lang='lat' dir='ltr'><strong>esse</strong></span> <span class='ocrx_word' id='word_1_246' title='bbox 746 1954 886 1997; x_wconf 85' lang='lat' dir='ltr'><strong>beatos,</strong></span> <span class='ocrx_word' id='word_1_247' title='bbox 914 1954 979 2000; x_wconf 90' lang='lat' dir='ltr'><strong>qui</strong></span> <span class='ocrx_word' id='word_1_248' title='bbox 1006 1953 1107 1988; x_wconf 86' lang='lat' dir='ltr'><strong>illam</strong></span> <span class='ocrx_word' id='word_1_249' title='bbox 1138 1952 1262 2000; x_wconf 89' lang='lat' dir='ltr'><strong>adepti</strong></span> <span class='ocrx_word' id='word_1_250' title='bbox 1290 1959 1390 1987; x_wconf 86' lang='lat' dir='ltr'><strong>sunt.</strong></span> 
     </span>
     <span class='ocr_line' id='line_1_36' title="bbox 216 2004 1392 2054; baseline -0.003 -10"><span class='ocrx_word' id='word_1_251' title='bbox 216 2006 452 2053; x_wconf 82' lang='lat' dir='ltr'><strong>Quamquam</strong></span> <span class='ocrx_word' id='word_1_252' title='bbox 483 2005 580 2041; x_wconf 87' lang='lat' dir='ltr'><strong>enim</strong></span> <span class='ocrx_word' id='word_1_253' title='bbox 611 2006 685 2042; x_wconf 84' lang='lat' dir='ltr'><strong>sint</strong></span> <span class='ocrx_word' id='word_1_254' title='bbox 713 2007 750 2042; x_wconf 92' lang='lat' dir='ltr'><strong>in</strong></span> <span class='ocrx_word' id='word_1_255' title='bbox 771 2007 992 2054; x_wconf 83' lang='lat' dir='ltr'><strong>quibusdam</strong></span> <span class='ocrx_word' id='word_1_256' title='bbox 1023 2005 1142 2048; x_wconf 86' lang='lat' dir='ltr'><strong>malis,</strong></span> <span class='ocrx_word' id='word_1_257' title='bbox 1172 2012 1295 2041; x_wconf 90' lang='lat' dir='ltr'><strong>tamen</strong></span> <span class='ocrx_word' id='word_1_258' title='bbox 1323 2004 1392 2040; x_wconf 93' lang='lat' dir='ltr'><strong>hoc</strong></span> 
     </span>
     <span class='ocr_line' id='line_1_37' title="bbox 213 2053 878 2107; baseline 0.002 -13"><span class='ocrx_word' id='word_1_259' title='bbox 213 2071 348 2095; x_wconf 89' lang='lat' dir='ltr'><strong>nomen</strong></span> <span class='ocrx_word' id='word_1_260' title='bbox 371 2059 465 2094; x_wconf 86' lang='lat' dir='ltr'><strong>beati</strong></span> <span class='ocrx_word' id='word_1_261' title='bbox 487 2058 596 2106; x_wconf 89' lang='lat' dir='ltr'><strong>longe</strong></span> <span class='ocrx_word' id='word_1_262' title='bbox 616 2066 653 2094; x_wconf 86' lang='lat' dir='ltr'><strong>et</strong></span> <span class='ocrx_word' id='word_1_263' title='bbox 672 2053 751 2095; x_wconf 39' lang='lat' dir='ltr'><strong>late*</strong></span> <span class='ocrx_word' id='word_1_264' title='bbox 765 2066 878 2107; x_wconf 84' lang='lat' dir='ltr'><strong>patet.</strong></span> 
     </span>
    </p>

    <p class='ocr_par' dir='ltr' id='par_1_7' title="bbox 156 2110 1395 2426">
     <span class='ocr_line' id='line_1_38' title="bbox 156 2110 1394 2160; baseline -0.003 -10"><span class='ocrx_word' id='word_1_265' title='bbox 156 2121 195 2150; x_wconf 76' lang='lat'><strong>86</strong></span> <span class='ocrx_word' id='word_1_266' title='bbox 267 2112 419 2148; x_wconf 89' lang='lat' dir='ltr'><strong>XXXI.</strong></span> <span class='ocrx_word' id='word_1_267' title='bbox 465 2111 561 2147; x_wconf 84' lang='lat' dir='ltr'><strong>Nam</strong></span> <span class='ocrx_word' id='word_1_268' title='bbox 603 2118 645 2147; x_wconf 92' lang='lat' dir='ltr'><strong>ut</strong></span> <span class='ocrx_word' id='word_1_269' title='bbox 689 2119 905 2160; x_wconf 86' lang='lat' dir='ltr'><strong>quaestuosa</strong></span> <span class='ocrx_word' id='word_1_270' title='bbox 947 2116 1163 2154; x_wconf 85' lang='lat' dir='ltr'><strong>mercatura,</strong></span> <span class='ocrx_word' id='word_1_271' title='bbox 1205 2110 1394 2146; x_wconf 80' lang='lat' dir='ltr'><strong>fructuosa</strong></span> 
     </span>
     <span class='ocr_line' id='line_1_39' title="bbox 214 2162 1395 2212; baseline -0.003 -11"><span class='ocrx_word' id='word_1_272' title='bbox 214 2166 328 2201; x_wconf 89' lang='lat' dir='ltr'><strong>aratio</strong></span> <span class='ocrx_word' id='word_1_273' title='bbox 349 2166 494 2208; x_wconf 90' lang='lat' dir='ltr'><strong>dicitur,</strong></span> <span class='ocrx_word' id='word_1_274' title='bbox 515 2177 589 2200; x_wconf 91' lang='lat' dir='ltr'><strong>non</strong></span> <span class='ocrx_word' id='word_1_275' title='bbox 620 2164 649 2199; x_wconf 91' lang='lat' dir='ltr'><strong>si</strong></span> <span class='ocrx_word' id='word_1_276' title='bbox 679 2165 793 2200; x_wconf 86' lang='lat' dir='ltr'><strong>altera</strong></span> <span class='ocrx_word' id='word_1_277' title='bbox 822 2177 965 2212; x_wconf 83' lang='lat' dir='ltr'><strong>semper</strong></span> <span class='ocrx_word' id='word_1_278' title='bbox 994 2164 1092 2200; x_wconf 91' lang='lat' dir='ltr'><strong>omni</strong></span> <span class='ocrx_word' id='word_1_279' title='bbox 1112 2164 1258 2207; x_wconf 85' lang='lat' dir='ltr'><strong>damno,</strong></span> <span class='ocrx_word' id='word_1_280' title='bbox 1279 2162 1395 2199; x_wconf 86' lang='lat' dir='ltr'><strong>altera</strong></span> 
     </span>
     <span class='ocr_line' id='line_1_40' title="bbox 214 2215 1394 2266; baseline 0 -14"><span class='ocrx_word' id='word_1_281' title='bbox 214 2218 315 2253; x_wconf 90' lang='lat' dir='ltr'><strong>omni</strong></span> <span class='ocrx_word' id='word_1_282' title='bbox 337 2217 565 2266; x_wconf 87' lang='lat' dir='ltr'><strong>tempestatis</strong></span> <span class='ocrx_word' id='word_1_283' title='bbox 595 2217 803 2253; x_wconf 84' lang='lat' dir='ltr'><strong>calamitate</strong></span> <span class='ocrx_word' id='word_1_284' title='bbox 835 2231 979 2266; x_wconf 89' lang='lat' dir='ltr'><strong>semper</strong></span> <span class='ocrx_word' id='word_1_285' title='bbox 1000 2224 1114 2260; x_wconf 86' lang='lat' dir='ltr'><strong>vacat,</strong></span> <span class='ocrx_word' id='word_1_286' title='bbox 1137 2216 1200 2252; x_wconf 89' lang='lat' dir='ltr'><strong>sed</strong></span> <span class='ocrx_word' id='word_1_287' title='bbox 1225 2215 1254 2251; x_wconf 90' lang='lat' dir='ltr'><strong>si</strong></span> <span class='ocrx_word' id='word_1_288' title='bbox 1274 2216 1394 2252; x_wconf 90' lang='lat' dir='ltr'><strong>multo</strong></span> 
     </span>
     <span class='ocr_line' id='line_1_41' title="bbox 214 2269 1391 2319; baseline -0.001 -14"><span class='ocrx_word' id='word_1_289' title='bbox 214 2270 351 2318; x_wconf 85' lang='lat' dir='ltr'><strong>majore</strong></span> <span class='ocrx_word' id='word_1_290' title='bbox 370 2284 415 2306; x_wconf 87' lang='lat' dir='ltr'><strong>ex</strong></span> <span class='ocrx_word' id='word_1_291' title='bbox 442 2278 543 2319; x_wconf 88' lang='lat' dir='ltr'><strong>parte</strong></span> <span class='ocrx_word' id='word_1_292' title='bbox 563 2277 688 2306; x_wconf 83' lang='lat' dir='ltr'><strong>exstat</strong></span> <span class='ocrx_word' id='word_1_293' title='bbox 707 2271 744 2306; x_wconf 90' lang='lat' dir='ltr'><strong>in</strong></span> <span class='ocrx_word' id='word_1_294' title='bbox 764 2278 925 2319; x_wconf 85' lang='lat' dir='ltr'><strong>utraque</strong></span> <span class='ocrx_word' id='word_1_295' title='bbox 946 2270 1121 2306; x_wconf 82' lang='lat' dir='ltr'><strong>felicitas:</strong></span> <span class='ocrx_word' id='word_1_296' title='bbox 1154 2269 1204 2305; x_wconf 87' lang='lat' dir='ltr'><strong>sic</strong></span> <span class='ocrx_word' id='word_1_297' title='bbox 1223 2269 1299 2304; x_wconf 89' lang='lat' dir='ltr'><strong>vita</strong></span> <span class='ocrx_word' id='word_1_298' title='bbox 1319 2281 1391 2304; x_wconf 93' lang='lat' dir='ltr'><strong>non</strong></span> 
     </span>
     <span class='ocr_line' id='line_1_42' title="bbox 215 2321 1394 2372; baseline -0.001 -14"><span class='ocrx_word' id='word_1_299' title='bbox 215 2323 335 2359; x_wconf 87' lang='lat' dir='ltr'><strong>solum</strong></span> <span class='ocrx_word' id='word_1_300' title='bbox 356 2324 385 2359; x_wconf 91' lang='lat' dir='ltr'><strong>si</strong></span> <span class='ocrx_word' id='word_1_301' title='bbox 406 2325 571 2372; x_wconf 87' lang='lat' dir='ltr'><strong>undique</strong></span> <span class='ocrx_word' id='word_1_302' title='bbox 600 2323 733 2359; x_wconf 90' lang='lat' dir='ltr'><strong>referta</strong></span> <span class='ocrx_word' id='word_1_303' title='bbox 766 2325 870 2360; x_wconf 91' lang='lat' dir='ltr'><strong>bonis</strong></span> <span class='ocrx_word' id='word_1_304' title='bbox 894 2331 962 2367; x_wconf 90' lang='lat' dir='ltr'><strong>est,</strong></span> <span class='ocrx_word' id='word_1_305' title='bbox 985 2323 1047 2359; x_wconf 90' lang='lat' dir='ltr'><strong>sed</strong></span> <span class='ocrx_word' id='word_1_306' title='bbox 1069 2323 1099 2358; x_wconf 94' lang='lat' dir='ltr'><strong>si</strong></span> <span class='ocrx_word' id='word_1_307' title='bbox 1119 2322 1236 2358; x_wconf 89' lang='lat' dir='ltr'><strong>multo</strong></span> <span class='ocrx_word' id='word_1_308' title='bbox 1256 2321 1394 2370; x_wconf 82' lang='lat' dir='ltr'><strong>majore</strong></span> 
     </span>
     <span class='ocr_line' id='line_1_43' title="bbox 213 2375 1394 2426; baseline -0.002 -14"><span class='ocrx_word' id='word_1_309' title='bbox 213 2382 251 2412; x_wconf 86' lang='lat' dir='ltr'><strong>et</strong></span> <span class='ocrx_word' id='word_1_310' title='bbox 278 2376 444 2426; x_wconf 87' lang='lat' dir='ltr'><strong>graviore</strong></span> <span class='ocrx_word' id='word_1_311' title='bbox 472 2389 520 2412; x_wconf 83' lang='lat' dir='ltr'><strong>ex</strong></span> <span class='ocrx_word' id='word_1_312' title='bbox 550 2383 652 2424; x_wconf 86' lang='lat' dir='ltr'><strong>parte</strong></span> <span class='ocrx_word' id='word_1_313' title='bbox 682 2377 779 2413; x_wconf 84' lang='lat' dir='ltr'><strong>bona</strong></span> <span class='ocrx_word' id='word_1_314' title='bbox 808 2377 1050 2425; x_wconf 88' lang='lat' dir='ltr'><strong>propendent,</strong></span> <span class='ocrx_word' id='word_1_315' title='bbox 1076 2376 1187 2412; x_wconf 88' lang='lat' dir='ltr'><strong>beata</strong></span> <span class='ocrx_word' id='word_1_316' title='bbox 1205 2381 1302 2411; x_wconf 88' lang='lat' dir='ltr'><strong>recte</strong></span> <span class='ocrx_word' id='word_1_317' title='bbox 1322 2375 1394 2411; x_wconf 90' lang='lat' dir='ltr'><strong>dici</strong></span> 
     </span>
    </p>
   </div>
  </div>
 </body>
</html>
