1471 2585
185 97 258 132 110
496 107 700 131 TUSCULAN
730 108 1031 133 DISPUTATonS.
1173 92 1364 145 [57—59.

180 201 328 239 habeat.
387 202 466 242 Qui
486 202 523 238 id
542 202 737 250 approbari
755 202 883 251 possit,
897 202 1158 252 aegritudinem
1179 203 1367 252 suscipere

181 268 247 304 pro
265 256 509 304 experientia,
531 256 563 291 si
582 256 672 304 quid
692 256 825 292 habere
845 256 962 292 velis?
983 269 1067 292 nam
1089 257 1211 293 solum
1230 257 1366 294 habere

125 315 164 346 57
183 309 277 344 velle
309 322 454 345 summa
485 309 672 345 dementia
700 315 767 345 est.
826 309 1104 346 Mediocritates
1130 317 1254 347 autem
1284 323 1366 347 ma-

181 361 301 398 lorum
322 363 405 410 quis
424 363 574 398 laudare
593 369 690 398 recte
709 362 855 411 possit?
912 363 1008 402 Quis
1037 364 1134 399 enim
1163 370 1298 411 potest,
1324 364 1366 401 in

181 428 256 463 quo
288 415 403 452 libido
437 415 665 464 cupiditasve
700 416 759 458 sit,
781 428 854 452 non
884 416 1106 453 libidinosus
1139 423 1176 453 et
1205 417 1365 465 cupidus

179 468 287 504 esse?
317 469 355 504 in
391 481 466 516 quo
497 469 561 513 ira,
593 481 666 504 non
699 469 926 505 iracundus?
957 470 995 505 in
1029 483 1102 518 quo
1131 482 1256 518 angor,
1286 483 1364 508 non

180 522 346 558 anxius?
389 523 427 557 in
465 535 539 570 quo
575 522 696 566 timor,
734 535 810 558 non
847 520 1030 558 timidus?
1099 523 1363 560 Libidinosum

179 574 294 623 igitur
327 582 364 611 et
395 576 614 612 iracundum
645 583 682 612 et
714 576 871 612 anxium
903 582 940 611 et
966 576 1136 612 timidum
1168 589 1363 614 censemus

180 640 259 664 esse
289 628 521 677 sapientem?
579 628 637 664 De
671 629 776 677 cujus
810 629 1033 665 excellentia
1065 629 1182 665 multa
1211 630 1362 678 quidem

179 681 252 717 dici
271 682 441 730 quamvis
469 682 550 718 fuse
577 682 726 730 lateque
747 690 928 730 possunt3
961 683 1025 718 sed
1053 682 1269 719 brevissime
1296 684 1363 720 illo

179 736 302 779 modo,
325 735 543 783 sapientiam
562 747 642 771 esse
661 747 784 771 rerum
813 736 1020 771 divinarum
1050 743 1087 772 et
1113 736 1362 774 humanarum

179 789 368 824 scientiam
390 789 725 836 cognitionemque,
746 801 832 836 quae
860 789 1042 838 cujusque
1070 789 1122 825 rei
1150 802 1281 826 caussa
1300 790 1361 828 sit.

178 841 241 877 Ex
263 855 336 890 quo
356 842 524 884 efficitur,
543 849 588 878 ut
606 842 734 878 divina
751 842 929 886 imitetur,
950 842 1114 878 humana
1129 843 1254 879 omnia
1267 843 1363 880 infe·

175 894 273 931 riora
306 896 440 931 virtute
472 896 596 931 ducat.
655 895 700 931 ln
729 894 824 931 hanc
861 903 902 932 tu
936 895 1061 944 igitur,
1094 903 1285 944 tamquam
1321 896 1363 933 in

177 960 289 991 mare,
311 949 411 996 quod
431 956 488 985 est
506 949 625 984 ventis
646 948 866 997 subjectum,
887 948 1202 997 perturbationem
1231 949 1362 986 cadere

177 1000 245 1037 tibi
265 1002 395 1038 dixisti
416 1002 556 1038 videri?
614 1002 718 1040 Quid
748 1008 815 1045 est,
847 1003 947 1050 quod
974 1009 1115 1038 tantam
1140 1003 1362 1050 gravitatem

177 1056 498 1103 constantiamque
526 1054 747 1103 perturbet?
778 1067 824 1090 an
853 1055 1096 1103 improvisum
1126 1055 1269 1104 aliquid
1296 1061 1362 1092 ant

176 1109 413 1156 repentinum
430 1109 444 1144 ’ἶ
474 1108 565 1156 quid
584 1115 705 1156 potest
725 1108 888 1144 accidere
908 1108 981 1144 tale
1002 1109 1047 1152 ei,
1062 1108 1122 1145 cui
1138 1109 1243 1153 nihil,
1260 1109 1363 1157 quod

175 1160 316 1197 homini
346 1162 493 1197 evenire
527 1162 654 1209 possit,
689 1162 987 1209 praemeditatum
1019 1174 1092 1197 non
1127 1162 1205 1198 sit?
1262 1162 1360 1198 Nam

175 1215 277 1262 quod
294 1215 410 1258 aiunt,
431 1215 547 1250 nimia
571 1215 726 1251 resecari
752 1222 932 1263 oportere,
961 1215 1144 1251 naturalia
1174 1215 1358 1263 relinqui3

176 1268 266 1315 quid
297 1270 445 1304 tandem
477 1274 600 1316 potest
633 1281 713 1303 esse
746 1268 927 1312 naturale,
949 1269 1050 1316 quod
1075 1268 1172 1304 idem
1199 1268 1360 1305 nimium

175 1333 255 1356 esse
288 1321 436 1369 possit?
493 1321 591 1356 Sunt
620 1320 718 1356 enim
753 1321 878 1357 omnia
907 1321 978 1357 ista
1007 1333 1055 1357 ex
1085 1333 1248 1358 errorum
1279 1328 1360 1358 orta

175 1374 373 1416 radicibus,
394 1387 480 1422 quae
501 1374 694 1410 evellenda
712 1379 749 1409 et
767 1374 997 1410 extrahenda
1016 1374 1178 1422 penitus,
1199 1387 1275 1411 non
1288 1375 1360 1411 cir-

175 1427 417 1463 cumcidenda
435 1440 502 1463 nec
520 1428 748 1474 amputanda
767 1435 867 1463 sunt.

119 1489 157 1517 58
228 1480 403 1516 XXVII.
435 1481 508 1516 Sed
540 1480 716 1528 quoniam
750 1481 927 1528 suspicor,
947 1486 983 1516 te
1015 1493 1088 1516 non
1123 1487 1197 1516 tam
1222 1481 1267 1517 de
1298 1493 1358 1517 sa-

175 1533 298 1581 piente
318 1546 428 1581 quam
451 1534 495 1569 de
517 1540 551 1569 te
571 1534 650 1581 ipso
667 1546 832 1581 quaerere
853 1533 979 1581 (illum
1002 1534 1100 1570 enim
1128 1540 1238 1582 putas
1257 1535 1358 1580 omni

174 1588 452 1635 perturbatione
480 1587 639 1622 liberum
672 1599 764 1630 esse,
789 1593 824 1622 te
857 1586 958 1630 vis):
991 1587 1193 1631 videamus,
1217 1595 1358 1636 quanta

175 1640 261 1683 sint,
283 1653 370 1688 quae
390 1653 410 1675 a
428 1639 662 1688 philosophia
680 1640 841 1675 remedia
859 1641 996 1676 morbis
1025 1640 1232 1676 animorum
1250 1641 1357 1677 adhi-

173 1693 344 1730 beantur.
403 1694 472 1729 Est
501 1693 600 1729 enim
633 1694 808 1741 quaedam
840 1694 1022 1729 medicina
1048 1700 1156 1736 certe,
1184 1706 1252 1729 nec
1280 1701 1357 1730 tam

174 1747 244 1782 fuit
275 1747 469 1782 hominum
502 1747 627 1794 generi
659 1746 802 1782 infensa
830 1753 942 1794 atque
975 1746 1125 1783 inimica
1146 1754 1290 1790 natura,
1314 1753 1358 1783 ut

175 1800 390 1847 corporibus
411 1807 465 1836 tot
483 1813 540 1836 res
561 1799 751 1843 salutares,
773 1800 906 1835 animis
927 1800 1067 1835 nullam
1093 1800 1289 1845 invenerit,
1310 1800 1357 1837 de

174 1853 313 1900 quibus
337 1853 405 1888 hoc
424 1853 533 1888 etiam
555 1860 610 1888 est
630 1853 760 1888 merita
777 1853 924 1896 melius,
945 1854 1046 1901 quod
1075 1865 1269 1901 corporum
1289 1853 1355 1889 ad-

168 1905 341 1954 jumenta
361 1906 584 1942 adhibentur
603 1906 845 1950 extrinsecus,
866 1907 1073 1942 animorum
1095 1906 1194 1942 salus
1212 1906 1357 1943 inclusa

174 1959 213 1994 in
234 1959 289 1995 his
309 1959 398 2008 ipsis
416 1967 484 1994 est.
543 1959 616 1995 Sed
635 1971 709 2006 quo
728 1959 847 2008 major
864 1967 920 1995 est
939 1960 976 1995 in
1003 1960 1056 1995 eis
1084 1959 1300 2008 praestantia
1318 1966 1356 1996 et

175 2012 344 2056 divinior,
377 2024 420 2048 eo
450 2011 588 2060 majore
624 2012 792 2060 indigent
828 2013 1032 2061 diligentia.
1091 2012 1223 2059 Itaque
1260 2012 1356 2048 bene

175 2065 341 2101 adhibita
359 2066 451 2101 ratio
471 2065 598 2108 cernit,
619 2065 707 2112 quid
727 2065 909 2113 optimum
930 2066 1000 2109 sit3
1032 2065 1201 2113 neglecta
1226 2065 1356 2102 multis

118 2126 157 2156 59
174 2118 384 2166 implicatur
403 2118 599 2154 erroribus.
648 2118 708 2154 Ad
729 2125 764 2154 te
783 2119 896 2166 igitur
911 2118 1000 2154 mihi
1015 2119 1093 2167 jam
1107 2119 1356 2155 convertenda

173 2172 294 2207 omnis
314 2172 428 2207 oratio
447 2177 515 2208 est.
573 2171 736 2207 Simulas
755 2173 854 2208 enim
875 2184 1041 2220 quaerere
1056 2180 1091 2207 te
1104 2171 1149 2207 de
1164 2171 1352 2220 sapiente3

173 2225 312 2272 quaeris
331 2232 455 2260 autem
476 2224 628 2260 fortasse
647 2224 692 2259 de
712 2231 761 2260 te.

225 2277 364 2313 Earum
400 2278 513 2325 igitur
541 2277 874 2326 perturbationum,
908 2290 1001 2325 quas
1034 2276 1206 2325 exposui,
1239 2277 1355 2314 variae

172 2337 260 2366 sunt
279 2331 498 2367 curationes.
556 2330 653 2366 Nam
682 2342 802 2377 neque
830 2332 950 2366 omnis
979 2330 1163 2378 aegritudo
1193 2342 1268 2366 una
1295 2342 1354 2366 ra-

171 2383 271 2420 tione
291 2383 453 2420 sedatur.
509 2384 596 2420 Alia
615 2390 671 2419 cst
689 2383 789 2419 enim
807 2384 964 2432 lugenti,
985 2383 1057 2420 alia
1079 2383 1267 2420 miseranti
1287 2390 1355 2421 aut
