1471 2585
147 1071 188 1101 41

211 106 259 141 14
523 115 729 141 ‘ruscumm
759 115 1055 142 DISPUTATIONS.
1218 103 1301 155 [41,
1320 108 1384 144 42.

209 212 308 249 enirn
328 212 407 261 ipse
426 223 510 247 cum
528 212 656 248 eodem
676 212 757 260 ipso
772 225 847 248 non
863 212 1005 248 invitus
1025 212 1233 248 erraverim.
1282 213 1386 250 Num

208 266 322 314 igitur
354 265 580 309 dubitamus,
619 277 664 301 an
700 266 794 301 sicut
822 265 1026 314 pleraque?
1056 278 1280 314 quamquam
1316 267 1386 304 hoc

208 320 359 367 quidem
387 318 564 355 minime:
595 320 817 367 persuadent
843 320 942 355 enim
971 320 1231 363 mathematici,
1253 326 1386 356 terram

208 372 248 408 in
278 373 400 408 medio
430 372 570 408 mundo
603 372 711 408 sitam
743 373 788 408 ad
825 373 990 408 universi
1027 373 1110 409 caeli
1146 372 1386 421 complexum

209 427 317 474 quasi
336 425 465 474 puncti
492 426 607 461 instar
633 426 810 470 obtinere,
832 427 933 474 quod
966 426 1113 474 κέντρον
1143 425 1196 461 illi
1228 433 1383 471 vocant;

209 491 291 515 eam
311 492 417 527 porro
438 486 606 515 naturam
627 491 705 514 esse
724 486 899 527 quattuor
917 479 1041 515 onmia
1057 479 1287 528 gignentium
1308 493 1386 516 cor-

209 545 354 580 porum,
376 540 429 575 ut,
450 533 556 580 quasi
576 533 708 580 partita
727 533 888 569 habeant
906 534 1001 569 inter
1029 545 1066 568 se
1095 545 1135 568 ac
1164 532 1282 568 divisa
1306 546 1386 570 mo-

209 593 346 630 menta,
368 592 510 622 terrena
529 593 565 622 et
583 586 736 622 humida
755 594 885 634 suopte
904 593 999 621 nutu
1019 593 1055 622 et
1074 599 1140 622 suo
1162 587 1321 633 pondere
1340 587 1388 622 ad

209 652 315 687 pares
336 639 492 688 angulos
512 639 548 674 in
569 647 699 675 terram
721 646 758 675 et
776 640 812 675 in
826 652 924 675 mare
940 640 1114 684 ferantur,
1132 639 1285 686 reliquae
1301 640 1386 677 duae

209 700 343 741 partes,
363 706 439 729 una
458 693 578 741 ignea,
599 693 712 728 altera
736 693 916 737 animalis,
938 700 979 728 ut
1007 692 1082 729 illae
1112 693 1319 740 superiores
1347 693 1386 729 in

208 747 371 782 medium
391 747 514 782 locum
536 746 663 781 mundi
682 747 860 794 gravitate
885 746 1048 782 ferantur
1076 752 1112 782 et
1141 746 1313 794 pondere,
1334 746 1387 783 sic

208 798 268 836 hae
294 813 438 836 rursum
471 800 579 835 rectis
609 799 714 835 lineis
743 799 780 835 in
807 799 992 836 caelestem
1021 799 1142 835 locum
1174 799 1384 844 subvolent,

209 853 287 889 sive
316 854 395 902 ipsa
424 860 555 888 natura
583 853 769 901 superiora
795 860 1002 901 appetente,
1024 852 1101 888 sive
1128 853 1227 900 quod
1261 865 1282 888 a
1303 865 1387 901 gra-

210 906 372 942 vioribus
384 907 522 942 leviora
535 914 665 942 natura
680 906 916 953 repellantur.
957 906 1054 945 Quae
1071 918 1188 954 quum
1203 912 1384 950 constent,

208 960 442 1008 perspicuum
463 960 572 996 debet
601 972 691 1004 esse,
712 959 865 1003 animos,
887 971 1001 1008 quum
1032 973 1051 995 e
1080 972 1229 1007 corpore
1258 972 1386 996 exces-

209 1014 333 1058 serint,
356 1014 433 1049 sive
453 1013 506 1049 illi
527 1013 601 1049 sint
619 1013 808 1057 animales,
830 1013 867 1048 id
887 1021 942 1048 est
962 1013 1164 1061 spirabileS‚
1182 1012 1258 1048 sive
1274 1013 1384 1062 ignei,

209 1066 367 1103 sublime
386 1067 481 1103 ferri.
539 1067 579 1102 Si
599 1079 686 1102 vero
707 1073 772 1102 aut
789 1079 967 1102 numerus
986 1067 1137 1113 quidam
1157 1072 1212 1101 est
1227 1066 1385 1110 animm,

208 1121 308 1168 quod
328 1120 511 1157 subtiliter
529 1120 646 1168 magis
667 1132 779 1167 quam
808 1119 968 1155 dilucide
997 1119 1140 1162 dicitur,
1162 1125 1227 1154 aut
1255 1119 1387 1167 quinta

206 1174 270 1209 illa
304 1186 377 1209 non
411 1173 601 1209 nominata
631 1173 749 1221 magis
779 1185 892 1221 quam
921 1185 996 1208 non
1022 1172 1210 1208 intellecta
1228 1180 1384 1210 natura:

205 1227 322 1263 multo
345 1227 455 1263 etiam
474 1226 672 1275 integriora
690 1239 731 1262 ac
750 1227 896 1274 puriora
915 1232 1013 1269 sunt,
1035 1232 1076 1261 ut
1096 1238 1117 1261 a
1136 1233 1229 1261 terra
1246 1226 1386 1275 longis-

206 1280 298 1316 sime
318 1293 355 1316 se
374 1280 540 1316 efferant.
602 1280 746 1315 Horum
776 1279 889 1327 igitur
917 1279 1056 1326 aliquid
1085 1279 1232 1314 animus
1251 1286 1317 1324 est,
1338 1292 1385 1316 ne

204 1341 279 1369 tam
300 1342 430 1381 vegeta
449 1346 552 1368 mens
571 1341 636 1368 aut
654 1333 692 1368 in
712 1333 820 1368 corde
840 1333 1034 1368 cerebrove
1054 1339 1117 1368 aut
1137 1332 1172 1367 in
1195 1332 1384 1381 Empedo-

203 1387 282 1423 cleo
302 1387 480 1434 sanguine
499 1386 811 1434 demersajaceat.

258 1439 415 1476 XVIII.
447 1439 706 1475 Dicaearchum
727 1451 814 1474 vero
834 1451 916 1474 cum
937 1438 1164 1474 Aristoxeno
1193 1438 1331 1487 aequali
1349 1444 1386 1475 et

205 1493 458 1541 condiscipulo
479 1505 558 1536 suo,
580 1493 707 1528 doctos
728 1505 814 1528 sane
830 1492 1010 1536 homines,
1028 1492 1265 1529 omittamus:
1287 1504 1384 1541 quo-

205 1558 285 1582 rum
307 1547 399 1582 alter
418 1559 462 1581 ne
490 1546 723 1582 condoluisse
752 1546 901 1593 quidem
931 1558 1108 1593 umquam
1136 1546 1293 1590 videtur,
1320 1545 1386 1594 qui

204 1600 371 1635 animum
406 1612 444 1635 se
469 1599 602 1635 habere
630 1611 703 1634 non
727 1599 872 1642 sentiat,
895 1598 986 1634 alter
1014 1600 1065 1635 ita
1085 1599 1288 1635 delectatur
1307 1599 1385 1635 suis

205 1653 388 1697 cantibus,
410 1660 452 1689 ut
471 1665 533 1688 eos
553 1653 664 1688 etiam
685 1653 730 1687 ad
751 1652 830 1688 haec
850 1652 1045 1688 transferre
1071 1661 1236 1688 conetur.
1287 1652 1384 1688 Har-

205 1707 367 1742 moniam
389 1713 511 1742 autem
533 1718 578 1741 ex
601 1705 804 1741 intervallis
832 1717 1007 1741 sonorum
1038 1718 1146 1741 nosse
1172 1717 1383 1753 possumus,

205 1771 364 1807 quorum
385 1761 484 1795 varia
503 1759 720 1807 compositio
740 1759 849 1794 etiam
869 1758 1076 1794 harmonias
1098 1758 1211 1794 efficit
1235 1759 1381 1806 plures;

206 1814 455 1848 membrorum
476 1826 562 1848 vero
584 1813 676 1848 situs
695 1819 732 1848 et
750 1812 868 1859 figura
897 1812 1070 1860 corporiS,
1090 1824 1225 1848 vacans
1247 1812 1382 1856 animo,

206 1878 317 1914 quam
349 1867 466 1914 possit
494 1866 721 1901 harmoniam
755 1865 908 1909 efficere,
941 1877 1014 1901 non
1046 1865 1166 1901 video.
1225 1865 1300 1900 Sed
1325 1865 1384 1901 hic

205 1920 369 1967 quidem,
397 1919 567 1967 quamvis
598 1919 765 1954 eruditus
799 1918 857 1961 sit,
888 1919 983 1954 sicut
1007 1925 1074 1961 est,
1101 1918 1182 1953 haec
1208 1918 1384 1966 magistro

205 1973 384 2008 concedat
405 1972 618 2016 Aristoteli;
650 1985 779 2008 canere
799 1972 877 2020 ipse
895 1972 1036 2008 doceat.
1086 1971 1186 2008 Bene
1206 1971 1304 2007 enim
1319 1971 1384 2008 illo

207 2025 424 2062 Graecorum
444 2025 637 2073 proverbio
657 2025 895 2073 praecipitur:

368 2110 474 2145 Quam
491 2111 629 2150 quisque
644 2110 729 2140 norit
747 2113 861 2149 artem,
876 2110 909 2140 in
924 2109 986 2140 hac
1002 2119 1036 2139 se
1052 2111 1212 2139 exerceat.

205 2181 315 2217 Illam
348 2194 434 2218 vero
465 2182 633 2217 funditus
665 2181 853 2230 ejiciamus
884 2182 1158 2217 individuorum
1189 2193 1384 2229 corporum

202 2234 339 2270 levium
373 2242 410 2271 et
441 2235 684 2271 rotundorum
713 2235 992 2271 concursionem
1026 2234 1240 2270 fortuitam:
1269 2246 1382 2282 quam

203 2294 324 2324 tamen
358 2288 594 2324 Democritus
627 2288 910 2324 concalefactam
943 2295 979 2324 et
1008 2287 1230 2336 spirabilem,
1262 2287 1300 2324 id
1325 2295 1382 2324 est

201 2341 412 2384 animalem,
433 2354 512 2377 csse
534 2341 627 2378 vult.

255 2394 293 2430 Is
312 2400 435 2430 autem
457 2396 616 2439 animus,
637 2394 715 2443 qui,
734 2395 763 2431 si
783 2402 838 2431 est
856 2395 988 2432 horum
1003 2400 1178 2444 quattuor
1189 2405 1378 2443 generum,
