1471 2585
215 97 290 133 118
539 106 743 131 'ruscorum
772 106 1071 131 nisPurArroNS.
1205 91 1395 143 [Sl—83.

212 207 269 238 est
287 201 492 238 diffidentia
511 201 717 250 exspectati
735 207 772 237 et
789 200 1038 249 impendentis
1057 200 1145 237 mali
1161 215 1170 244 ς
1201 207 1239 237 et
1258 200 1289 237 si
1313 214 1396 250 spes

211 261 269 292 est
297 254 527 303 exspectatio
559 255 659 299 boni,
678 254 766 290 mali
794 255 1112 303 exspectationem
1135 267 1214 291 esse
1243 267 1395 291 necesse

211 315 269 344 est
287 315 442 345 metum.
500 308 555 344 Ut
569 308 682 357 igitur
700 314 833 352 metus,
853 309 903 344 sic
923 308 1077 356 reliquae
1096 307 1395 356 perturbationes

213 368 302 398 sunt
320 362 357 397 in
378 361 489 397 malo.
547 360 648 409 Ergo
668 367 709 397 ut
736 361 943 397 constantia
971 360 1148 404 scientiae,
1168 362 1220 397 sic
1248 367 1398 409 pertur-

212 415 313 450 batio
333 415 462 450 erroris
481 420 550 450 est.
608 414 684 454 Qui
713 421 838 450 autem
866 420 998 450 natura
1026 414 1201 450 dicuntur
1228 414 1398 450 iracundi

212 474 279 504 aut
297 468 550 504 misericordes
579 475 644 504 aut
673 467 791 503 invidi
820 473 885 504 aut
916 467 988 503 tale
1007 467 1109 515 quid,
1130 468 1163 503 ei
1193 474 1281 503 sunt
1308 480 1396 503 con—

213 521 335 557 stituti
368 521 474 568 quasi
504 521 601 557 mala
629 521 842 557 valetudine
875 521 999 566 animi,
1034 521 1217 557 sanabiles
1249 527 1396 566 tamen3

212 580 256 610 ut
284 576 452 610 Socrates
485 575 631 610 dicitur.
690 575 819 613 Quum
856 574 976 610 inulta
1011 574 1049 609 in
1087 580 1275 610 conventu
1308 573 1399 610 vitia

212 627 422 676 collegisset
440 628 478 663 in
498 640 583 663 eum
604 628 787 676 Zopyrus,
808 627 873 675 qui
893 639 930 662 se
949 634 1120 663 naturam
1148 627 1330 675 cujusque
1348 639 1398 663 ex

212 680 331 717 forma
357 681 560 730 perspicere
589 681 844 728 profitebatur,
866 680 1009 716 derisus
1038 687 1094 716 est
1121 693 1143 716 a
1170 680 1312 723 ceteris,
1333 680 1399 728 qui

212 733 278 770 illa
295 734 332 770 in
355 735 504 770 Socrate
527 734 615 770 vitia
633 746 709 770 non
729 739 982 782 agnoscerent,
1003 734 1049 770 ab
1078 733 1158 781 ipso
1179 740 1305 769 autem
1327 733 1397 769 So-

214 793 312 823 crate
330 788 559 831 sublevatus,
581 800 697 835 quum
716 787 780 823 illa
806 787 875 823 sibi
903 787 1025 831 insita,
1048 787 1111 823 sed
1140 787 1280 823 ratione
1310 799 1332 822 a
1359 798 1399 822 se

214 840 358 889 dejecta
376 841 526 876 diceret.

156 899 194 929 81
268 894 368 942 Ergo
401 901 444 930 ut
472 894 613 942 optima
642 893 726 941 quis
755 893 969 930 valetudine
999 893 1152 929 affectus
1182 899 1307 941 potest
1341 893 1398 929 vi·

214 946 303 990 deri,
343 953 382 983 at
422 954 554 983 natura
590 947 635 982 ad
674 947 839 995 aliquem
877 947 1048 983 morbum
1082 946 1305 995 proclivior:
1348 946 1401 982 sic

213 1001 360 1036 animus
393 1001 488 1036 alius
508 1001 553 1036 ad
572 1001 645 1036 alia
664 1000 753 1036 vitia
781 1000 1008 1049 propensior.
1067 1000 1143 1039 Qui
1173 1006 1298 1035 autem
1323 1012 1402 1036 non

213 1060 359 1098 natura,
397 1054 460 1090 sed
502 1054 613 1102 culpa
655 1054 779 1089 vitiosi
818 1066 898 1089 esse
928 1053 1116 1097 dicuntur,
1153 1065 1279 1088 eorum
1310 1052 1402 1089 vitia

215 1113 387 1143 constant
415 1120 433 1143 e
463 1107 563 1143 falsis
589 1106 830 1155 opinionibus
859 1119 982 1143 rerum
1012 1107 1192 1142 bonarum
1224 1112 1260 1142 et
1285 1106 1401 1142 mala-

213 1172 310 1204 rum,
349 1167 391 1196 ut
431 1161 478 1196 sit
514 1160 608 1196 alius
649 1160 695 1196 ad
735 1159 827 1196 alios
865 1167 989 1196 motus
1030 1159 1401 1207 perturbationesque

213 1213 424 1261 proclivior.
484 1213 709 1249 Iuveteratio
733 1221 870 1257 autem,
891 1220 934 1249 ut
955 1213 994 1249 in
1014 1213 1240 1262 corporibus,
1262 1212 1402 1261 aegrius

214 1267 416 1315 depellitur
444 1280 556 1316 quam
579 1266 821 1315 perturbatio,
852 1266 1036 1314 citiusque
1067 1266 1284 1314 repentinus
1309 1278 1400 1302 ocu-

211 1319 334 1355 lorum
362 1326 487 1356 tumor
513 1326 676 1364 sanatur,
707 1332 820 1367 quam
849 1319 1026 1355 diuturna
1057 1318 1243 1367 lippitudo
1272 1318 1400 1368 depel-

213 1372 315 1409 litur.

157 1433 198 1463 82
268 1426 505 1462 XXXVIII.
537 1426 612 1461 Sed
643 1425 793 1474 cognita
815 1425 892 1474 jam
913 1437 1043 1462 caussa
1062 1421 1400 1472 perturbationum,

215 1491 302 1527 quae
322 1492 450 1515 ornnes
470 1479 640 1515 oriuntur
660 1492 708 1515 ex
723 1479 875 1527 judiciis
895 1479 1114 1527 opinionum
1134 1485 1171 1514 et
1198 1478 1403 1515 voluntati-

214 1532 299 1576 bus,
328 1532 375 1568 sit
398 1532 478 1581 jam
508 1532 620 1580 hujus
651 1532 913 1580 disputationis
939 1532 1085 1568 modus.
1144 1531 1245 1567 Scire
1275 1538 1403 1568 autem

216 1598 285 1621 nos
306 1593 462 1634 oportet,
483 1586 653 1634 cognitiS‚
667 1586 790 1634 quoad
811 1592 967 1633 possunt
986 1585 1032 1621 ab
1052 1584 1202 1620 homine
1217 1585 1402 1633 cognosci,

215 1639 399 1675 bonorum
434 1645 470 1675 et
502 1639 683 1674 malorum
712 1638 864 1682 finibus,
884 1639 977 1674 nihil
996 1651 1016 1674 a
1036 1637 1273 1686 philosophia
1290 1650 1399 1686 posse

217 1698 282 1728 aut
313 1691 436 1741 majus
465 1698 530 1728 aut
557 1692 687 1727 utilius
716 1692 846 1740 optari,
869 1704 979 1739 quam
1011 1691 1104 1735 haec,
1127 1704 1212 1739 quae
1244 1703 1265 1726 a
1295 1691 1403 1727 nobis

216 1745 287 1781 hoc
306 1745 504 1793 quatriduo
534 1745 722 1793 disputata
751 1751 850 1781 sunt.
909 1745 1032 1780 Morte
1061 1744 1159 1780 enim
1188 1750 1402 1792 contempta

217 1805 256 1834 et
274 1799 398 1834 dolore
427 1799 471 1834 ad
502 1799 721 1846 patiendum
749 1798 883 1841 levato,
909 1798 1152 1847 adjunximus
1173 1797 1403 1834 sedationem

218 1852 465 1900 aegritudinis,
505 1864 578 1898 qua
615 1852 762 1887 nullum
805 1851 948 1887 homini
992 1851 1131 1886 malum
1174 1850 1295 1899 majus
1331 1857 1400 1886 est.

218 1904 302 1940 Etsi
322 1905 420 1940 enim
440 1904 561 1940 omnis
580 1905 693 1940 animi
712 1905 939 1953 perturbatio
951 1904 1073 1953 gravis
1091 1910 1147 1940 est
1162 1916 1229 1940 nec
1242 1902 1403 1939 multum

218 1957 341 1994 differt
356 1958 402 1993 ab
418 1958 590 2000 amentia,
609 1965 732 1993 tamen
751 1958 802 1994 ita
817 1965 970 2002 ceteros,
985 1970 1100 2006 quum
1115 1964 1203 1993 sunt
1218 1957 1256 1992 iu
1276 1955 1402 2004 aliqua

218 2011 494 2059 perturbatione
514 2017 579 2046 aut
597 2019 718 2047 metus
738 2019 802 2061 aut
820 2011 964 2047 laetitiae
984 2018 1048 2047 aut
1063 2009 1288 2057 cupiditatis,
1302 2020 1403 2045 com-

219 2071 341 2100 motos
360 2064 470 2099 modo
500 2070 537 2099 et
566 2065 799 2111 perturbatos
827 2065 947 2101 dicere
967 2064 1152 2106 solemu83
1185 2069 1223 2098 at
1241 2074 1316 2105 eos,
1338 2061 1403 2109 qui

220 2129 259 2152 se
288 2117 502 2165 aegritudini
531 2117 763 2161 dediderunt,
783 2117 948 2159 miseros,
969 2117 1137 2158 afflictos,
1159 2126 1403 2159 aerumnosos‚

161 2177 202 2206 83
219 2170 465 2206 calamitosos.
524 2169 658 2217 Itaque
676 2183 751 2205 non
773 2171 924 2206 fortuito
952 2171 1089 2206 factum
1112 2169 1268 2211 videtur,
1290 2167 1355 2203 sed
1382 2180 1405 2204 a

220 2229 255 2258 te
275 2223 416 2258 ratione
436 2223 679 2271 propositum,
700 2230 742 2258 ut
761 2224 957 2271 separatim
978 2224 1023 2259 de
1051 2221 1272 2269 aegritudine
1293 2226 1330 2256 et
1358 2220 1404 2257 de

219 2276 349 2311 ceteris
376 2276 713 2323 perturbationibus
743 2276 1039 2325 disputaremus;
1071 2275 1108 2310 in
1138 2286 1180 2310 ea
1217 2280 1272 2310 est
1304 2273 1404 2310 enim

218 2327 302 2366 fons
320 2328 551 2365 miseriarum
572 2336 610 2365 et
628 2336 752 2378 caput.
