1471 2585
83 100 274 154 81—-83,]
442 114 544 140 BOOK
575 116 612 140 v.
636 116 754 142 cHAP.
775 105 837 148 28,
859 106 922 141 29.
1191 108 1263 143 143

83 223 201 258 quum
222 209 367 246 tortoris
387 221 427 245 os
443 210 588 253 viderit,
604 210 782 246 consistet
798 211 1073 258 virtutibusque
1089 210 1264 247 omnibus

84 264 162 300 sine
191 264 269 299 ullo
297 262 410 298 animi
439 270 573 298 terrore
601 264 647 299 ad
675 264 879 300 cruciatum
906 264 1090 311 profectis,
1118 263 1264 299 resistet

49 316 53 319 ’
85 325 192 353 extra
212 317 303 352 fores
318 314 379 364 (ut
398 324 483 351 ante
503 315 602 364 dixi)
622 317 809 364 limenque
829 317 994 353 carceris.
1041 316 1144 355 Quid
1164 317 1263 352 enim

85 383 128 406 ea
145 370 292 412 foedius,
314 369 403 416 quid
424 370 624 405 deformius
642 370 720 406 sola
735 370 873 414 relicta,
890 371 1067 406 comitatu
1088 370 1262 418 pulcher-

42 446 49 448 ν
84 423 176 459 rimo
195 422 413 470 segregata?
473 423 583 461 Quod
604 430 727 459 tamen
753 424 832 459 fieri
859 424 962 459 nullo
990 431 1098 471 pacto
1125 429 1260 471 potest.

85 476 164 513 Nec
183 475 279 511 enim
303 476 458 512 virtutes
478 476 556 512 sine
575 477 684 512 beata
704 477 780 512 vita
808 477 993 512 cohaerere
1018 483 1176 524 possunt
1194 489 1262 512 nec

86 530 147 566 illa
165 529 243 565 sine
264 529 476 565 virtutibus.
535 529 669 577 Itaque
694 542 773 565 eam
794 529 1025 577 tergiversari
1045 542 1119 565 non
1141 530 1263 566 sinent
1280 536 1317 565 81

83 594 282 630 secumque
302 582 455 630 rapient,
477 583 522 618 ad
541 595 802 630 quemcunque
822 583 914 629 ipsae
935 583 1098 618 dolorem
1118 583 1260 618 crucia-

83 636 440 683 tumqueducentur.
464 636 647 683 Sapientis
661 643 716 671 est
727 635 824 671 enim
834 636 1036 684 proprium,
1047 635 1150 679 nihil,
1160 636 1262 683 quod

81 689 262 737 poenitere
289 689 416 736 possit,
450 689 578 733 facere,
611 689 702 724 nihil
727 689 899 732 invitum,
932 689 1136 736 splendide,
1171 701 1263 725 con-

83 748 235 786 stanter,
268 742 439 790 graviter,
472 741 625 778 honeste
655 743 791 785 omnia,
824 742 917 777 nihil
948 743 1000 777 ita
1031 748 1260 789 exspectare,

82 795 189 843 quasi
205 804 303 832 certo
322 795 502 839 futurum,
524 795 627 838 nihil,
648 808 765 842 quum
796 795 980 839 acciderit,
1008 795 1192 837 admirari,
1219 802 1263 831 ut

80 848 314 897 inopinatum
334 861 375 884 ac
394 861 534 884 novum
554 848 728 884 accidisse
745 848 923 892 videatur,
940 848 1067 884 omnia
1085 849 1130 884 ad
1151 861 1263 885 suum

81 902 272 938 arbitrium
310 902 452 945 referre,
490 901 567 937 suis
607 908 702 937 stare
734 901 898 950 judiciis.
966 902 1053 940 Quo
1087 902 1177 949 quid
1215 902 1262 937 sit

81 955 238 999 beatius,
261 955 349 991 mihi
368 961 464 991 certe
484 955 522 990 in
541 962 703 991 mentem
725 955 848 991 venire
868 967 943 990 non
965 961 1099 1003 potest.

135 1009 345 1045 Stoicorum
375 1009 525 1056 quidem
558 1008 673 1044 facilis
705 1008 893 1044 conclusio
926 1015 1004 1052 est3
1050 1008 1115 1055 qui
1144 1020 1260 1056 quum
1279 1015 1319 1043 82

81 1061 194 1097 finem
215 1062 393 1097 bonorum
413 1073 492 1097 esse
513 1061 694 1097 senserint
713 1073 913 1109 congruere
935 1069 1078 1097 naturae
1099 1074 1261 1109 cumque

82 1127 125 1150 ea
154 1114 415 1150 convenienter
440 1114 576 1158 vivere,
603 1126 720 1161 quum
749 1115 786 1150 id
815 1115 863 1150 sit
887 1115 924 1149 in
953 1115 1117 1162 sapiente
1147 1114 1261 1150 situm

81 1180 156 1203 non
192 1167 312 1203 officio
347 1167 480 1211 solum,
517 1179 645 1202 verum
684 1167 794 1202 etiam
833 1173 1040 1215 potestate:
1086 1175 1262 1214 sequatur

81 1233 230 1256 necesse
249 1227 316 1263 est,
340 1227 390 1264 ut,
412 1220 518 1268 cujus
543 1221 580 1255 in
611 1227 792 1267 potestate
821 1232 1010 1255 summum
1042 1221 1195 1263 bonum,
1222 1220 1261 1256 in

81 1273 246 1322 ejusdem
267 1274 344 1309 vita
364 1274 469 1309 beata
488 1274 547 1309 sit.
606 1273 666 1308 Ita
685 1273 728 1308 fit
755 1286 900 1320 semper
923 1273 998 1308 vita
1026 1273 1133 1308 beata
1161 1273 1260 1321 sapi-

80 1328 189 1364 entis.
248 1327 388 1370 Habes,
409 1339 494 1374 quae
512 1326 708 1362 fortissime
735 1326 780 1362 de
807 1327 915 1361 beata
935 1326 1010 1361 vita
1033 1325 1105 1361 dici
1131 1333 1261 1374 putem

80 1386 128 1423 et,
159 1393 232 1428 quo
258 1380 368 1416 modo
399 1392 496 1415 nunc
526 1386 592 1422 est,
622 1379 695 1415 nisi
723 1379 813 1427 quid
843 1386 886 1414 tu
914 1379 1049 1415 melius
1077 1379 1259 1422 attuleris,

79 1433 190 1470 etiam
210 1433 410 1469 verissime.

133 1486 287 1523 XXIX.
325 1486 376 1523 A.
407 1485 547 1522 Melius
578 1486 749 1533 equidem
787 1485 915 1521 afferre.
951 1485 1044 1520 nihil
1078 1497 1257 1533 possum3

81 1540 145 1575 sed
163 1552 185 1576 a
202 1547 238 1576 te
257 1539 481 1586 impetrarim
501 1539 670 1581 libenter,
687 1546 740 1581 ut,
758 1538 831 1574 nisi
849 1538 1047 1574 molestum
1066 1538 1126 1581 sit,
1146 1537 1260 1586 (quo-

81 1593 181 1629 niam
202 1600 237 1629 te
255 1592 359 1628 nulla
379 1592 527 1628 vincula
545 1592 756 1639 impediunt
781 1592 894 1627 ullius
921 1598 1030 1627 certae
1051 1591 1260 1639 disciplinae

80 1646 249 1694 libasque
281 1658 330 1682 ex
363 1645 548 1687 omnibus,
580 1645 832 1692 quodcunque
867 1651 903 1680 te
937 1644 1100 1680 maxime
1139 1645 1261 1692 specie

81 1700 245 1735 veritatis
275 1698 431 1747 movet,)
457 1699 557 1746 quod
587 1698 716 1746 paullo
746 1704 830 1733 ante
861 1697 1125 1745 Peripateticos
1155 1704 1259 1732 vete-

81 1765 231 1800 remque
244 1752 482 1788 Academiam
499 1751 634 1787 hortari
652 1751 836 1794 videbare,
851 1757 892 1786 ut
908 1750 986 1785 sine
1002 1749 1261 1786 retractatione

81 1805 193 1841 libere
208 1805 326 1841 dicere
346 1806 535 1847 auderent,
553 1804 736 1851 sapientes
755 1816 835 1839 esse
855 1815 999 1851 semper
1013 1802 1258 1847 beatissimos,

80 1858 118 1894 id
149 1858 260 1894 velim
289 1858 426 1901 audire,
448 1870 558 1905 quem
585 1858 630 1892 ad
660 1857 811 1892 modum
841 1855 898 1892 his
926 1863 1035 1904 putes
1063 1862 1259 1891 consenta-

81 1923 194 1947 neum
224 1924 304 1947 esse
334 1911 370 1946 id
400 1911 532 1946 dicere.
590 1909 714 1945 Multa
745 1909 842 1945 enim
873 1922 894 1944 a
927 1917 962 1945 te
993 1917 1119 1945 contra
1148 1909 1258 1945 istam

82 1965 303 2000 sententiam
337 1964 435 1999 dicta
469 1969 557 1999 sunt
592 1970 628 1998 et
657 1962 866 1998 Stoicorum
898 1962 1039 1998 ratione
1069 1962 1257 1998 conclusa.

82 2016 142 2054 M.
175 2017 336 2054 Utamur
353 2016 467 2064 igitur
486 2016 666 2059 libertate,
687 2028 761 2064 qua
784 2015 891 2051 nobis
917 2015 1005 2051 solis
1030 2016 1069 2051 in
1094 2015 1257 2062 philoso-
1277 2022 1316 2051 83

82 2071 169 2118 phia
186 2071 272 2107 licet
290 2070 358 2113 uti,
379 2081 537 2117 quorum
567 2070 682 2105 oratio
709 2068 801 2104 nihil
830 2069 911 2116 ipsa
930 2068 1086 2117 judicat,
1107 2068 1172 2102 sed
1191 2067 1258 2103 ha-

82 2125 190 2160 betur
206 2124 243 2159 in
265 2135 392 2159 omnes
413 2128 545 2170 partes,
566 2127 610 2157 ut
637 2122 682 2157 ab
711 2122 790 2157 aliis
819 2122 934 2169 possit
963 2122 1042 2169 ipsa
1069 2133 1135 2168 per
1163 2132 1257 2164 sese,

82 2177 223 2213 nullius
251 2176 468 2212 auctoritate
497 2174 683 2223 adjuncta,
708 2175 880 2223 judicari.
938 2175 989 2209 Et
1007 2173 1184 2220 quoniam
1202 2173 1258 2209 vi-

82 2230 177 2265 deris
205 2230 274 2266 hoc
303 2229 410 2273 velle,
438 2236 491 2270 ut,
512 2240 748 2276 quaecunque
767 2227 1064 2264 dissentientium
1091 2226 1257 2274 philoso-

82 2282 239 2330 phorum
256 2283 438 2319 sententia
453 2282 500 2316 sit
516 2282 560 2317 de
576 2281 727 2325 finibus,
744 2288 868 2317 tamen
886 2281 1001 2315 virtus
1017 2279 1105 2314 satis
1124 2279 1260 2315 habeat

83 2336 128 2370 ad
158 2336 271 2372 vitam
303 2336 450 2371 beatam
479 2334 666 2382 praesidii:
708 2335 807 2382 quod
841 2334 994 2381 quidem
1030 2333 1258 2368 Carneadem

83 2387 270 2436 disputare
300 2389 450 2425 solitum
481 2387 701 2435 accepimus,
731 2388 794 2424 sed
823 2387 865 2432 is,
887 2392 928 2422 ut
955 2392 1084 2422 contra
1100 2385 1258 2428 Stoicos,
