1471 2585
66 85 256 138 38—4o.]
406 100 510 125 Boon
540 100 582 125 11.
605 100 720 124 cHAP.
747 90 913 127 15—17.
1201 89 1250 125 53

64 194 328 243 num—quid?
348 195 412 231 ille
421 207 787 238 cursus‚concursus‚
801 195 950 238 clamor,
967 195 1097 242 quanti
1111 194 1249 232 laboris

63 249 144 286 est!
192 249 256 285 Ex
276 248 344 284 hoc
365 249 426 284 ille
446 250 592 285 animus
620 249 658 284 in
678 249 818 297 proeliis
839 255 987 297 paratus
1014 249 1060 284 ad
1080 249 1246 284 vulnera.

62 304 198 339 Adduc
211 303 288 350 pari
307 303 431 338 animo
450 302 735 338 inexercitatum
751 302 907 337 militem
923 315 931 338 :
954 302 1087 337 mulier
1106 302 1246 338 videbi-

62 364 134 392 tur.
176 357 253 392 Cur
271 362 417 391 tantum
437 355 590 392 interest
608 355 705 392 inter
721 368 859 391 novum
873 364 910 391 et
928 363 1090 391 veterem
1103 355 1244 391 exerci-

48 416 154 452 -tum,
171 416 354 457 quantum
371 409 516 457 experti
533 422 662 445 sumus
680 409 694 444 ἲ
725 409 834 444 AEtas
849 409 1008 445 tironum
1025 410 1246 457 plerumque

59 463 212 507 melior3
244 463 309 498 sed
336 463 427 498 ferre
456 463 632 507 laborem,
654 470 890 499 contemnere
921 462 1058 498 vulnus
1087 475 1244 499 consue-

58 516 150 552 tudo
179 517 298 552 docet.
357 517 461 556 Quin
491 517 601 552 etiam
633 517 800 552 videmus
821 528 870 551 ex
891 516 967 551 acie
996 516 1115 551 efferri
1144 529 1244 564 saepe

57 570 214 614 saucios,
231 577 268 606 et
283 570 433 619 quidem
455 571 582 606 rudem
602 570 709 606 illum
726 576 763 605 et
774 569 1061 605 inexercitatum
1074 570 1245 617 quamvis

54 622 130 659 levi
151 623 228 659 ictu
248 624 413 672 ploratus
433 624 666 671 turpissimos
685 624 805 659 edere.
862 623 916 658 At
933 636 1019 658 vero
1047 623 1109 659 ille
1136 636 1244 659 exer-

56 676 191 713 citatus
211 684 248 713 et
269 684 376 713 vetus
396 677 443 713 ob
472 690 628 725 eamque
656 689 734 712 rem
762 676 901 719 fortior,
922 676 1107 712 medicum
1130 677 1242 713 modo

54 731 260 778 requirens,
281 744 302 767 a
320 743 396 779 quo
415 730 626 778 obligetur:

75 801 118 834 E.
142 803 169 834 O
197 803 375 843 Patrocles,
398 804 510 844 inquit,
532 803 574 834 ad
598 805 657 834 vos
681 803 857 834 adveniens
881 803 1040 834 auxilium
1063 807 1096 834 et
1116 807 1242 834 vestras

224 857 340 877 manus

139 889 233 929 Peto,
259 891 448 931 priusquam
475 893 593 931 oppeto
613 890 733 920 malam
758 895 893 930 pestem,
919 890 1108 920 mandatam
1130 890 1242 921 hostili

222 943 332 972 manu,

137 976 254 1016 Neque
269 976 402 1017 sanguis
416 977 481 1006 ullo
497 976 582 1016 potis
597 980 646 1006 est
661 979 755 1017 pacto
771 976 937 1015 profluens
952 977 1141 1016 consistere,

137 1019 171 1050 Si
187 1021 245 1059 qui
260 1019 418 1060 sapientia
434 1021 537 1060 magis
553 1026 663 1049 vestra
678 1022 768 1049 mors
784 1019 924 1049 devitari
939 1023 1054 1058 potest.

138 1062 288 1102 Namque
305 1063 478 1102 Aesculapi
494 1064 672 1092 liberorum
687 1062 791 1092 saucii
805 1062 936 1101 opplent
952 1064 1096 1102 porticus
1111 1073 1120 1100 3

137 1105 212 1136 Nou
228 1108 333 1145 potest
347 1106 468 1136 accedi.
512 1105 555 1136 P.
581 1106 676 1136 Ce'rte
700 1106 886 1145 Eurypylus
907 1105 961 1135 hic
985 1106 1126 1146 quidem.
1172 1106 1239 1137 Ho-

222 1149 343 1178 minem
358 1149 552 1187 exercitum,

138 1191 203 1222 Ubi
218 1194 345 1222 tautum
361 1192 467 1222 luctus
483 1191 710 1222 continuatur!

50 1258 183 1295 XVII.
216 1258 325 1302 Vide,
347 1271 461 1307 quam
489 1271 564 1294 non
593 1258 767 1294 flebiliter
794 1259 1026 1307 respondeat,
1056 1261 1261 1300 rationem.

49 1312 160 1349 etiam
179 1312 318 1357 afferat,
340 1325 405 1348 cur
421 1324 532 1361 aequo
551 1312 675 1348 animo
696 1312 766 1348 sibi
785 1312 978 1348 ferendum
996 1314 1066 1350 sit:

518 1385 561 1417 E.
585 1386 649 1421 Qui
665 1386 759 1416 alteri
775 1387 913 1417 exitium
928 1391 1034 1427 parat,

134 1429 220 1460 Eum
236 1430 320 1460 scire
336 1432 464 1470 oportet
479 1429 542 1459 sibi
558 1435 706 1469 paratam
722 1432 858 1469 pestem,
870 1437 905 1460 ut
914 1431 1098 1470 participet,
1111 1440 1235 1471 parem.

47 1497 224 1533 Abducet
243 1497 444 1539 Patrocles,
465 1497 586 1541 credo,
604 1503 645 1533 ut
659 1497 817 1533 collocet
835 1497 872 1533 in
894 1498 1022 1542 cubili,
1040 1505 1084 1534 ut
1099 1498 1235 1534 vulnus

48 1551 200 1599 obliget.
265 1550 305 1586 Si
343 1550 496 1598 quidem
532 1550 643 1586 homo
680 1557 791 1586 esset.
855 1551 927 1587 Sed
964 1551 1059 1586 nihil
1095 1551 1233 1588 minus.

49 1604 198 1643 Quaerit
217 1603 327 1648 enim,
349 1603 440 1652 quid
458 1609 583 1639 actum
601 1604 649 1639 sit
666 1617 674 1640 t

67 1671 111 1703 P.
136 1671 299 1712 Eloquere
327 1695 334 1703 .
361 1695 368 1702 .
391 1695 398 1702 .
423 1695 430 1702 .
453 1673 508 1701 res
525 1672 680 1712 Argivom
698 1671 819 1711 proe'lio
834 1675 871 1701 ut
887 1681 922 1701 se
937 1671 1094 1703 sustinet}

46 1714 207 1789 LEssngn
222 1717 329 1755 potest
344 1714 444 1745 ecfari
460 1717 589 1744 tantum
605 1715 710 1753 dictis,
726 1717 884 1754 quantum
899 1715 994 1745 factis
1004 1715 1148 1755 suppetit

76 1769 92 1788 a
140 1769 167 1787 1¹1
186 1781 193 1789 u

48 1825 209 1864 Quiesce
241 1825 354 1873 igitur
387 1831 423 1860 et
451 1824 591 1860 vulnus
620 1823 753 1872 alliga!
812 1823 937 1859 Etiam
961 1824 992 1860 si
1011 1825 1231 1874 Eurypylus

45 1886 183 1927 posset,
204 1891 279 1914 non
298 1886 424 1926 posset
443 1878 623 1926 AEsopUS.

556 1949 598 1981 E.
624 1949 688 1980 Ubi
703 1949 834 1980 fortuna
851 1950 1003 1981 Hectoris

130 1993 284 2025 Nostram
302 1996 410 2024 acrem
424 1993 528 2023 aciem
544 1993 731 2023 inclinatam
776 2016 784 2023 .

45 2066 82 2098 et
100 2067 220 2097 cetera
240 2060 405 2108 explicat
423 2061 461 2095 in
481 2059 619 2095 dolore.
677 2059 738 2095 Sic
767 2067 823 2095 est
851 2061 949 2096 enim
978 2061 1230 2109 intemperans

45 2114 214 2150 militaris
233 2114 270 2149 in
289 2114 373 2150 forti
395 2114 474 2148 viro
492 2113 619 2161 gloria.
677 2113 778 2161 Ergo
798 2113 879 2149 haec
899 2122 1095 2150 veteranus
1123 2115 1230 2151 miles

45 2167 162 2203 facere
182 2168 330 2215 poterit,
351 2168 483 2203 doctus
505 2166 560 2201 vir
578 2165 800 2215 sapiensque
829 2180 905 2202 non
934 2167 1100 2215 poterit?
1158 2168 1228 2204 Ille

1266 361 1282 389 :3
1287 361 1303 390 S

45 2233 134 2257 vero
153 2220 297 2264 melius,
317 2233 358 2256 ac
378 2232 453 2256 non
473 2219 600 2267 paullo
620 2219 784 2267 quidem.
842 2220 915 2255 Sed
933 2220 1054 2256 adhuc
1074 2221 1119 2256 de
1139 2234 1228 2258 con-
1248 2229 1287 2257 40

47 2274 244 2309 suetudine
272 2273 550 2310 exercitationis
578 2272 721 2321 loquor,
753 2273 921 2308 nondum
949 2274 994 2309 (le
1023 2274 1164 2310 ratione
1193 2282 1230 2311 et

48 2327 239 2375 sapientia.
297 2327 472 2362 Aniculae
493 2338 593 2374 saepe
611 2326 773 2362 inediam
793 2326 949 2362 biduum
969 2334 1035 2363 aut
1063 2328 1228 2363 triduum

47 2379 181 2416 ferunt.
239 2380 394 2416 Subduc
429 2380 552 2416 cibum
588 2391 706 2415 unum
743 2380 840 2415 diem
876 2379 1049 2418 athletae:
1097 2382 1229 2418 Jovem

607 2444 628 2469 r
650 2434 672 2468 3
