1471 2585
61 83 253 136 55—57.]
400 97 501 122 Boox
531 97 573 122 11.
597 96 713 122 cuAP.
735 87 904 123 2‘2—24.
1198 86 1247 122 59

61 195 242 244 abjiciunt
271 205 308 228 se
337 200 451 240 atque
482 193 534 228 ita
566 192 693 228 afflicti
723 199 760 228 et
779 192 1150 242 exanimatijacent3
1183 195 1247 241 qui

63 256 186 285 autem
207 247 432 290 restiterunt,
449 246 645 282 discedunt
664 246 870 293 saepissime
890 248 1108 295 superiores.
1150 246 1248 283 Sunt

56 297 159 338 'enim
196 300 368 349 quaedam
404 300 518 335 animi
550 299 811 335 similitudines
848 313 934 336 cum
971 313 1134 348 corpore.
1193 299 1248 336 Ut

64 367 174 392 onera
193 353 376 390 contentis
396 353 610 402 corporibus
630 353 774 388 facilius
795 353 976 398 feruntur,
996 353 1160 389 remissis
1180 366 1246 401 op-

49 408 250 457 *primuntt
281 406 468 443 simillime
488 407 634 442 animus
655 407 860 442 intentione
888 420 954 443 sua
973 407 1126 455 depellit
1145 419 1247 455 pres-

63 474 145 497 sum
167 473 313 497 omnem
335 461 553 509 ponderum,
575 460 789 495 remissione
809 467 931 496 autem
954 461 1005 496 sic
1025 468 1188 508 urgetur,
1205 468 1248 497 ut

62 528 100 551 se
122 521 283 563 nequeat
302 514 494 550 extollere.
553 514 604 549 Et
624 513 655 549 si
674 526 801 549 verum
823 514 1038 562 quaerimus,
1058 515 1095 549 in
1126 514 1244 550 omni-

61 569 132 604 bus
152 568 278 604 officiis
298 567 564 615 persequendis
592 567 706 603 animi
734 575 790 602 est
817 568 1028 603 adhibenda
1045 567 1245 604 contentio.

62 622 119 658 Ea
140 628 196 657 est
216 621 294 657 sola
313 621 422 656 officii
441 629 631 669 tamquam
651 621 830 656 custodia.

116 675 190 711 Sed
210 675 279 710 hoc
299 675 449 722 quidem
478 674 515 709 in
545 675 670 710 dolore
698 676 862 710 maxime
886 681 942 710 est
960 674 1247 722 providendum,

62 741 110 765 ne
128 729 216 776 quid
238 728 392 776 abjecte,
413 741 459 764 ne
480 728 567 776 quid
587 728 728 771 timide,
750 741 795 763 ne
817 728 905 775 quid
926 728 1071 776 ignave,
1092 741 1138 764 ne
1159 729 1249 776 quid

63 782 243 818 serviliter
262 781 537 818 muliebriterve
558 782 756 825 faciamus;
787 781 823 817 in
848 782 1050 830 primisque
1070 782 1250 818 refutetur

62 848 104 872 ac
123 835 308 884 rejiciatur
324 835 576 871 Philocteteus
597 835 659 870 ille
680 835 828 870 clamor.
888 835 1136 883 Ingemiscere
1155 849 1249 871 non-

62 902 269 937 numquam
302 889 380 925 viro
410 901 626 924 concessum
654 896 722 933 est,
742 889 854 936 idque
881 901 983 933 raro;
1016 889 1177 937 ejulatus
1204 902 1250 925 ne

63 943 209 978 mulieri
228 943 391 990 quidem.
450 943 501 978 Et
519 942 579 978 hic
598 942 772 977 nimirum
796 950 851 977 est
879 942 1002 985 fletus,
1024 955 1135 989 quem
1156 943 1250 978 duo-

63 996 181 1032 decim
214 996 354 1032 tabulae
392 996 428 1032 in
466 996 659 1031 funeribus
696 995 862 1031 adhiberi
901 1002 1114 1032 vetuerunt.
1171 996 1250 1032 Nec

64 1062 151 1085 vero
171 1062 348 1097 umquam
369 1062 415 1084 ne
434 1049 645 1097 ingemiscit
664 1049 815 1096 quidem
836 1049 892 1084 vir
910 1049 1012 1085 fortis
1031 1062 1072 1085 ac
1091 1049 1250 1097 sapiens,

65 1103 135 1138 nisi
155 1103 247 1138 forte
266 1110 309 1138 ut
329 1115 366 1138 se
387 1103 555 1138 intendat
575 1103 619 1137 ad
640 1102 866 1144 firmitatem,
888 1109 932 1138 ut
959 1103 998 1138 in
1029 1103 1147 1138 stadio
1168 1116 1251 1138 cur-

65 1169 164 1191 sores
185 1156 408 1199 exclamant,
424 1168 535 1203 quam
556 1155 720 1190 maxime
740 1162 909 1203 possunt.
960 1156 1119 1191 Faciunt
1138 1156 1250 1200 idem,

65 1222 181 1257 quum
212 1216 446 1253 exercentur,
467 1209 643 1253 athletae3
675 1209 821 1256 pugiles
855 1221 954 1253 vero,
987 1209 1097 1244 etiam
1132 1222 1251 1257 quum

64 1263 201 1299 feriunt
223 1263 487 1306 adversarium,
508 1262 546 1297 in
570 1262 756 1308 jactandis
786 1262 947 1298 cestibus
976 1262 1249 1311 ingemiscunt3

64 1329 137 1351 non
171 1316 270 1364 quod
300 1316 451 1352 doleant
477 1316 646 1351 animove
678 1315 936 1359 succumbant,
958 1317 1022 1351 sed
1052 1316 1140 1363 quia
1165 1329 1252 1364 pro-

62 1370 255 1405 fundenda
283 1382 371 1405 voce
400 1382 508 1405 omne
539 1381 671 1417 corpus
699 1368 916 1413 intenditur,
937 1370 1114 1418 venitque
1143 1370 1253 1418 plaga

65 1422 329 1459 vehementior.

118 1476 268 1512 XXIV.
308 1476 435 1515 Quid?
471 1476 536 1524 qui
567 1476 725 1512 volvunt
754 1476 963 1512 exclamare
995 1476 1129 1525 majus,
1160 1489 1251 1513 num

67 1530 155 1565 satis
176 1530 316 1566 habent
341 1530 467 1572 latera,
490 1530 626 1573 fauces,
654 1530 821 1577 linguam
848 1530 1052 1574 intendere,
1075 1543 1094 1565 e
1115 1531 1252 1578 quibus

66 1583 148 1631 ejici
171 1596 297 1619 vocem
319 1590 356 1618 et
375 1583 480 1618 fundi
501 1584 671 1618 videmus
689 1583 702 1618 ?
752 1583 849 1618 Toto
870 1596 1020 1630 corpore
1039 1591 1151 1631 atque
1171 1596 1252 1619 om-

65 1637 176 1673 nibus
208 1636 371 1685 ungulis,
397 1643 440 1672 ut
467 1636 611 1679 dicitur,
645 1635 873 1672 contentioni
902 1636 1001 1672 vocis
1027 1637 1250 1673 asserviunt.

67 1690 189 1734 Genu,
220 1690 441 1734 mehercule,
478 1690 534 1726 M.
565 1690 773 1726 Antonium
808 1689 896 1733 vidi,
929 1702 1044 1736 quum
1080 1697 1252 1727 contente
1294 1699 1310 1707 ”

66 1755 132 1791 pro
154 1757 193 1780 se
212 1744 291 1792 ipse
310 1743 392 1791 lege
412 1743 523 1779 Varia
542 1744 690 1784 diceret,
713 1749 844 1778 terram
867 1749 1030 1791 tangere.
1080 1743 1134 1779 Ut
1153 1744 1252 1780 enim

66 1797 212 1833 balistae
231 1797 396 1844 lapidum
418 1803 454 1832 et
474 1797 617 1844 reliqua
630 1802 814 1831 tormenta
831 1795 986 1831 telorum
1005 1809 1047 1832 eo
1067 1797 1253 1845 graviores

67 1850 282 1886 emissiones
315 1850 465 1892 habent,
501 1862 575 1898 quo
612 1855 699 1884 sunt
736 1855 910 1884 contenta
946 1856 1057 1898 atque
1092 1851 1254 1888 adducta

68 1903 348 1939 vehementius:
379 1903 429 1938 sic
450 1916 540 1945 vox,
562 1902 612 1937 sic
632 1914 774 1945 cursuS,
797 1903 847 1938 sic
871 1902 981 1951 plaga
1006 1903 1074 1939 hoc
1094 1904 1251 1952 gravior,

67 1970 186 2004 quum
206 1963 262 1992 est
285 1957 397 1992 missa
422 1956 646 1992 contentius.
706 1955 826 2003 Cujus
856 1956 1106 1992 contentionis
1134 1970 1253 2005 quum

67 2017 170 2046 tanta
203 2010 258 2046 vis
289 2010 347 2053 sit,
384 2009 412 2044 si
445 2009 607 2057 gemitus
644 2008 680 2044 in
715 2009 841 2044 dolore
876 2009 922 2045 ad
954 2011 1252 2047 confirmandum

67 2064 233 2099 animum
251 2063 402 2105 valebit,
422 2070 592 2106 utemur3
625 2062 680 2097 sin
701 2062 768 2098 erit
787 2062 849 2098 ille
869 2063 1029 2110 gemitus
1049 2063 1252 2100 clamenta-

66 2116 164 2160 bilis,
187 2117 216 2152 si
242 2117 464 2159 imbecillus,
486 2116 514 2150 si
535 2115 711 2163 abjectus,
737 2116 767 2151 si
792 2116 937 2158 flebilis,
968 2116 1000 2150 ei
1029 2116 1093 2164 qui
1122 2129 1160 2152 se
1189 2118 1252 2153 de·

69 2170 172 2212 derit,
196 2170 259 2205 vix
279 2183 364 2205 eum
387 2169 506 2204 virum
531 2169 701 2204 dixerim.
759 2169 835 2207 Qui
855 2169 1006 2216 quidem
1033 2170 1194 2217 gemitus
1222 2171 1253 2207 si

67 2223 262 2259 levationis
289 2223 430 2270 aliquid
459 2222 614 2266 afferret,
645 2228 767 2258 tamen
792 2222 1013 2265 videremus,
1035 2223 1127 2271 quid
1157 2231 1254 2260 esset

68 2276 173 2312 fortis
193 2283 228 2312 et
243 2276 398 2312 animosi
422 2275 487 2311 viri
505 2290 513 2319 3
546 2288 660 2322 quum
678 2288 764 2311 vero
783 2275 875 2310 nihil
890 2275 1087 2312 imminuat
1102 2277 1251 2321 doloris,

70 2341 135 2365 cur
154 2329 288 2365 frustra
308 2337 434 2377 turpes
457 2341 535 2363 esse
557 2329 759 2365 volumus?
818 2328 921 2367 Quid
948 2337 1005 2365 est
1032 2330 1129 2366 enim
1161 2331 1253 2366 fletu

70 2382 241 2419 muliebri
259 2383 335 2419 viro
356 2381 526 2431 turpius?

1266 521 1282 549 5
1287 521 1304 549 5

1270 1004 1285 1032 5
1290 1003 1308 1032 6
