1471 2585
62 90 199 142 6—9.]
458 104 559 128 BOOK
581 104 640 128 111.
673 103 789 128 cuae.
812 94 848 136 3,
869 93 906 128 4.
1193 95 1240 130 65

61 200 260 244 valescant,
291 198 405 235 animi
434 206 571 242 autem,
606 199 671 247 qui
703 211 740 234 se
773 199 894 235 sanari
924 198 1112 235 voluerint
1140 211 1238 247 prae-

56 253 250 303 ¹ceptisque
284 252 505 300 sapientium
541 252 742 300 paruerint,
783 253 861 288 sine
899 252 976 288 ulla
1005 253 1238 288 dubitatione

61 305 260 342 sanentur?
329 306 398 342 Est
431 306 592 354 profecto
621 306 735 342 animi
766 306 960 349 medicina,
991 306 1237 354 philosophia,

59 359 165 408 cujus
183 359 366 395 auxilium
386 372 473 401 non,
491 368 534 395 ut
552 359 591 395 in
611 359 772 407 corporis
793 360 941 401 morbis,
962 360 1161 407 petendum
1183 366 1240 395 est

50 413 168 456 foris;
199 413 445 461 omnibusque
465 413 598 460 opibus
618 413 772 457 viribus,
796 420 839 448 ut
862 421 1008 449 nosmet
1032 413 1103 461 ipsi
1129 413 1237 448 nobis

59 465 197 501 mederi
233 466 430 515 possimus,
468 467 733 502 elaborandum
777 472 844 501 est.
915 466 1152 514 Quamquam
1191 467 1237 502 de

60 518 231 554 universa
250 519 494 568 philosophia,
516 528 654 568 quanto
674 532 782 568 opere
801 527 838 555 et
856 520 1066 567 expetenda
1088 526 1184 556 esset
1201 527 1237 555 et

61 572 227 616 colenda,
249 573 348 615 satis,
369 581 409 609 ut
429 573 595 615 arbitror,
615 574 755 609 dictum
776 581 832 608 est
849 573 887 608 in
910 573 1125 609 Hortensio.
1178 573 1237 609 De

59 626 233 661 maximis
252 634 375 662 autem
396 627 506 662 rebus
525 626 618 662 nihil
638 627 710 662 fere
730 626 995 662 intermisimus
1024 635 1151 671 postea
1170 639 1237 663 nec

60 678 247 727 disputare
268 692 335 715 nec
355 681 523 716 scribere.
583 680 654 716 His
676 686 800 715 autem
823 680 926 715 libris
953 680 1124 727 exposita
1152 687 1238 716 sunt

60 744 114 776 ea,
132 745 219 780 quae
239 745 260 768 a
285 734 392 769 nobis
420 746 504 769 cum
534 733 774 769 familiaribus
801 733 934 769 nostris
964 733 1001 768 in
1023 734 1237 770 Tusculano

59 792 163 822 erant
181 786 380 834 disputata.
438 787 511 823 Sed
534 787 710 834 quoniam
738 787 885 823 duobus
914 787 1164 834 superioribus
1193 788 1237 823 de

59 846 176 875 morte
196 847 234 875 et
251 840 296 875 de
316 841 441 876 dolore
460 841 600 876 dictum
621 848 687 883 est,
715 840 845 876 tertius
875 840 953 876 dics
978 840 1239 888 disputationis

59 891 129 928 hoc
159 894 306 929 tertium
328 895 502 930 volumen
529 894 673 930 efficiet.
732 893 787 930 Ut
812 893 911 929 enim
941 893 978 929 in
999 895 1237 930 Academiam

58 952 221 982 nostram
242 947 512 991 descendimus,
535 947 712 983 inclinato
732 947 809 995 jam
840 947 878 982 in
908 947 1238 994 postmeridianum

59 1006 208 1047 tempus
226 1000 297 1045 die,
312 1001 462 1048 poposci
481 1013 607 1036 eorum
621 1001 796 1048 aliquem,
813 1001 880 1049 qui
893 1001 1056 1044 aderant,
1071 1013 1239 1037 caussam

61 1052 274 1088 disserendi.
333 1055 430 1090 Turn
452 1067 508 1089 res
527 1061 608 1090 acta.
627 1054 677 1089 sic
694 1060 760 1089 est.

115 1105 185 1142 IV.
216 1106 265 1142 A.
297 1106 455 1142 Videtur
483 1107 573 1142 mihi
597 1107 724 1142 cadere
749 1108 787 1142 in
812 1108 1016 1155 sapientem
1040 1108 1236 1155 aegritudo.

60 1158 122 1195 M.
152 1159 254 1195 Num
282 1160 435 1208 reliquae
456 1172 608 1208 quoque
636 1160 931 1208 perturbationes
959 1161 1085 1202 animi,
1112 1161 1239 1196 formi-

61 1212 177 1255 dines,
200 1213 383 1256 libidines,
406 1213 637 1249 iracundiae?
696 1213 792 1249 Haec
812 1213 910 1249 enim
929 1213 1001 1249 fere
1029 1220 1118 1249 sunt
1139 1214 1240 1262 ejus-

60 1266 171 1307 modi,
193 1278 278 1314 quae
297 1267 420 1302 Graeci
446 1267 547 1309 πάθη
573 1267 784 1314 appellant3
816 1279 883 1315 ego
907 1274 1070 1314 poteram
1092 1268 1238 1312 morbos,

60 1326 98 1354 et
116 1320 154 1355 id
173 1321 326 1355 verbum
348 1326 444 1356 esset
472 1333 492 1355 e
517 1320 652 1364 verb03
686 1320 749 1355 sed
769 1320 806 1355 in
827 1320 1133 1356 consuetudinem
1154 1333 1240 1356 nos-

61 1378 153 1408 tram
191 1386 267 1408 non
303 1374 460 1409 caderet.
533 1373 630 1408 Nam
667 1373 842 1417 misereri,
879 1373 1055 1417 invidere,
1094 1374 1239 1422 gestire,

59 1425 189 1469 laetari,
211 1427 292 1462 haec
312 1427 435 1462 omnia
451 1427 597 1462 morbos
614 1427 739 1462 Graeci
753 1426 953 1474 appellant,
972 1434 1094 1462 motus
1114 1427 1240 1471 animi,

59 1479 194 1514 rationi
213 1492 288 1515 non
309 1481 629 1528 obtemperantes;
661 1492 728 1515 nos
748 1487 873 1516 autem
892 1480 958 1515 hos
987 1481 1135 1516 eosdem
1163 1493 1242 1516 mo-

60 1539 122 1567 tus
141 1532 314 1569 concitati
330 1534 443 1569 animi
463 1540 572 1576 recte,
594 1540 636 1569 ut
662 1533 802 1581 opinor,
822 1534 1114 1582 perturbationes
1134 1534 1241 1570 dixe-

60 1585 175 1622 rimus
192 1600 200 1630 ;
231 1586 368 1622 morbos
390 1594 512 1622 autem
543 1599 617 1622 non
638 1586 726 1622 satis
746 1587 882 1622 usitate
900 1601 908 1630 ς
940 1587 1011 1622 nisi
1031 1587 1119 1634 quid
1139 1587 1242 1623 aliud

60 1639 127 1674 tibi
158 1640 316 1676 videtur.
373 1639 424 1676 A.
457 1639 552 1675 Mihi
587 1653 671 1675 vero
701 1640 772 1675 isto
802 1640 924 1676 modo.
991 1639 1051 1676 M.
1086 1640 1241 1676 Haecine

59 1692 174 1740 igitur
192 1694 320 1729 cadere
339 1693 376 1729 in
395 1693 599 1741 sapientem
619 1693 756 1741 putas?
801 1692 851 1729 A.
875 1693 1031 1729 Prorsus
1051 1693 1239 1730 existimo.

59 1744 121 1782 M.
153 1746 224 1782 Nae
253 1747 323 1782 ista
350 1747 511 1795 gloriosa
543 1746 723 1794 sapientia
753 1758 830 1781 non
857 1759 992 1794 magno
1022 1747 1243 1782 aestimanda

60 1806 127 1842 est,
149 1799 331 1847 siquidem
351 1813 423 1835 non
445 1800 605 1835 multum
626 1799 747 1834 differt
766 1800 811 1834 ab
831 1799 985 1835 insania.
1033 1800 1083 1836 A.
1110 1799 1239 1838 Quid?

60 1852 127 1888 tibi
148 1853 315 1888 omnisne
335 1853 447 1888 animi
467 1853 666 1888 commotio
683 1852 829 1887 videtur
843 1852 1014 1889 insania?
1071 1852 1131 1889 M.
1153 1854 1240 1890 Non

59 1905 151 1941 mihi
171 1906 319 1953 quidem
340 1906 420 1948 soli,
442 1907 517 1947 sed,
538 1906 576 1940 id
596 1906 695 1953 quod
716 1906 886 1941 admirari
906 1919 1005 1954 saepe
1026 1907 1137 1951 soleo,
1160 1920 1239 1942 ma·

54 1958 199 2006 joribus
232 1971 381 2007 quoque
411 1959 545 1994 nostris
579 1959 648 1994 hoc
680 1958 733 1994 ita
762 1959 884 1994 visum
913 1960 1078 2006 intelligo
1110 1960 1238 1995 multis

60 2012 194 2048 seculis
213 2019 297 2048 ante
319 2014 506 2055 Socraten,
529 2024 550 2047 a
570 2024 643 2059 quo
662 2011 744 2047 haec-
763 2012 895 2056 omnis,
915 2026 1001 2061 quae
1021 2021 1076 2048 est
1097 2014 1141 2048 de
1162 2013 1238 2049 vita

59 2073 96 2100 et
115 2066 159 2101 de
180 2067 356 2109 moribus,
387 2065 619 2112 philosophia
643 2067 819 2101 manavit.
877 2066 926 2102 A.
960 2067 1133 2104 Quonam
1155 2073 1237 2101 tan-

58 2118 144 2154 dem
163 2119 300 2155 modo?
357 2118 417 2155 M.
449 2118 549 2157 Quia
568 2131 702 2154 nomen
721 2118 878 2154 insaniae
899 2120 1081 2167 significat
1100 2119 1236 2156 mentis

60 2172 340 2220 aegrotationem
361 2179 397 2208 et
416 2173 597 2215 morbum,
618 2172 654 2206 id
671 2178 727 2207 est
741 2172 975 2208 insanitatem
997 2178 1033 2208 et
1052 2178 1236 2220 aegrotum

1257 314 1275 343 6

1258 902 1275 934 ᾲΙ

1261 1650 1277 1678 S

58 2225 236 2268 animum,
272 2237 383 2272 quam
416 2225 650 2273 appellarunt
679 2225 874 2261 insaniam.
943 2226 1083 2260 Omnes
1111 2233 1234 2261 autem
1254 2236 1272 2265 9

57 2279 352 2325 perturbationes
381 2278 495 2314 animi
523 2278 671 2313 morbos
698 2278 908 2326 philosophi
939 2278 1138 2326 appellant,
1170 2292 1235 2314 ne-

57 2338 233 2379 gantque,
268 2332 425 2367 stultum
457 2343 681 2379 quemquam
710 2332 754 2367 iis
790 2331 927 2368 morbis
959 2344 1100 2367 vacare.
1157 2332 1236 2371 Qui

57 2391 182 2420 autem
210 2385 247 2420 in
276 2385 404 2421 morbo
434 2392 534 2428 sunt,
562 2384 642 2420 sani
668 2397 741 2420 non
762 2392 871 2430 sunt;
903 2391 940 2420 et
959 2385 1125 2421 omnium
1145 2385 1234 2421 insi-

615 2440 678 2475 <33
