1471 2585
74 80 267 133 41—44.]
428 94 532 119 BOOK
563 94 623 119 111.
644 94 762 119 CHAP.
786 84 846 126 18,
870 84 931 119 19.
1212 82 1261 121 77

73 189 188 239 igitur
212 189 277 239 qui
305 202 380 225 non
410 196 477 233 est,
512 190 542 226 si
574 189 673 226 malo
703 195 835 233 careat,
869 188 1096 225 continuone
1126 186 1261 223 fruitur

75 256 220 280 summo
239 242 364 279 bono?
421 244 526 282 Quid
546 243 841 292 tergiversamur,
864 242 1053 290 Epicure?
1083 253 1151 277 nec
1165 240 1256 276 fate·
1278 247 1314 276 »121

61 293 159 333 'mur
186 309 267 332 eam
292 309 360 332 nos
392 297 511 333 dicere
531 297 775 346 voluptatem,
797 309 909 344 quam
940 303 981 332 tu
1006 295 1118 339 idem,
1140 307 1258 342 quum

74 363 115 387 os
133 350 366 398 perfricuisti,
387 351 482 386 soles
502 350 621 387 dicere
638 351 652 386 ’ἰ

128 403 227 439 Sunt
244 404 327 439 haec
344 410 408 439 tua
428 405 541 439 verba
560 403 705 440 necne?
764 403 811 440 In
831 416 873 439 eo
894 403 1044 451 quidem
1064 402 1171 445 libro,
1192 401 1258 449 qui

74 456 240 493 continet
258 470 406 493 omnem
427 457 662 505 disciplinam
682 463 785 493 tuam
806 455 958 505 (fungar
983 456 1082 492 enim
1102 455 1179 504 jam
1199 455 1257 490 in·-

73 510 244 557 terpretis
262 523 429 554 munere,
447 524 493 546 ne
514 511 597 559 quis
616 524 676 547 me
701 517 808 559 putet
833 507 1002 558 fingere),
1030 510 1122 545 dicis
1151 509 1231 545 haec
1249 522 1258 547 ε

75 564 98 581 “
115 563 195 599 Nec
228 564 398 612 equidem
436 565 566 608 babeo,
600 565 701 613 quod
737 563 943 611 intelligam
978 563 1119 598 bonum
1151 562 1257 609 illud,

72 616 270 653 detrahens
293 630 354 654 eas
380 618 603 666 voluptates,
625 631 710 667 quae
739 629 869 665 sapore
897 616 1163 665 percipiuntur,
1194 617 1258 652 de-

72 670 223 706 trahens
239 683 312 713 eas,
331 684 417 720 quae
434 672 564 708 auditu
584 679 621 707 et
639 671 821 714 cantibus,
837 670 1034 706 detrahens
1054 683 1114 705 eas
1134 670 1258 715 etiam,

74 736 160 771 quae
193 736 240 759 ex
276 725 403 760 formis
439 725 695 773 percipiuntur
729 724 858 767 oculis,
897 736 1029 760 suaves
1062 724 1257 769 motiones,

74 778 152 814 sive
172 790 258 825 quae
278 778 362 814 aliae
384 779 594 827 voluptates
614 779 652 814 in
673 785 751 814 toto
771 777 921 813 homine
940 777 1145 825 gignuntur
1164 791 1257 826 quo-

72 830 166 866 libet
185 844 309 869 sensu.
366 831 447 868 Nec
472 845 558 868 vero
585 832 636 868 ita
664 832 735 868 dici
760 837 895 880 potest,
924 830 1059 866 mentis
1087 831 1259 867 laetitiam

75 884 191 920 solam
212 897 292 921 esse
311 885 346 921 in
368 885 490 922 bonis.
547 885 758 921 Laetantem
780 884 876 920 enim
903 890 1065 920 mentem
1086 884 1138 920 ita
1157 885 1258 929 novi,

75 950 140 986 spe
160 951 286 974 eorum
307 939 487 982 omnium,
508 951 593 987 quae
622 952 733 987 supra
752 938 844 982 dixi,
865 939 955 982 fore,
986 944 1027 973 ut
1055 944 1187 974 natura
1214 939 1259 975 iis

76 991 221 1038 potiens
241 992 367 1028 dolore
386 993 544 1029 careat.'’
602 995 729 1041 Atque
755 992 837 1028 haec
857 992 1008 1039 quidem
1037 991 1094 1026 his
1124 992 1258 1035 verbis,
1279 996 1318 1024 42

76 1043 200 1091 quivis
228 1052 272 1081 ut
300 1045 495 1093 intelligat,
528 1058 638 1094 quarn
669 1045 902 1093 voluptatem
932 1044 1029 1080 norit
1060 1045 1258 1093 Epicurus.

77 1097 225 1134 Deinde
258 1099 385 1146 paullo
418 1099 536 1135 infra:
576 1100 723 1147 “Saepe
750 1099 923 1146 quaesivi,
956 1098 1092 1145 inquit,
1122 1110 1170 1134 ex
1202 1099 1260 1144 iis,

77 1151 142 1198 qui
178 1152 461 1200 appellabantur
498 1152 694 1200 sapientes,
732 1152 824 1200 quid
861 1151 1052 1194 haberent,
1089 1152 1189 1198 quod
1222 1152 1261 1188 in

76 1204 186 1240 bonis
218 1205 482 1253 relinquerent,
511 1206 542 1241 si
572 1206 636 1241 illa
666 1204 928 1247 detraxissent,
959 1204 1030 1240 nisi
1061 1204 1092 1239 si
1124 1205 1262 1241 vellent

77 1270 188 1293 voces
206 1258 334 1294 inanes
354 1259 507 1294 fundere
522 1273 531 1302 3
562 1259 657 1294 nihil
675 1259 721 1294 ab
740 1258 784 1294 iis
800 1258 904 1306 potui
922 1270 1164 1305 cognoscere;
1198 1259 1264 1307 qui

78 1311 108 1346 si
128 1311 284 1347 virtutes
303 1312 458 1348 ebullire
480 1312 605 1347 volent
623 1319 660 1348 et
679 1311 890 1360 sapientias,
909 1310 1000 1346 nihil
1019 1310 1121 1346 aliud
1141 1311 1265 1348 dicent

78 1364 149 1400 nisi
169 1377 248 1400 eam
268 1365 378 1410 viam,
396 1378 471 1413 qua
491 1365 700 1401 efficiantur
719 1378 775 1401 eae
792 1365 1016 1412 voluptates,
1039 1377 1131 1412 quas
1152 1378 1264 1413 supra

78 1418 200 1454 dixi.'’
256 1418 356 1457 Quae
375 1426 594 1467 sequuntur,
615 1419 653 1454 in
673 1419 800 1454 eadem
822 1418 1005 1453 sententia
1025 1424 1123 1461 sunt,
1144 1424 1264 1454 totus-

78 1483 151 1519 que
169 1472 274 1516 liber,
294 1473 358 1520 qui
378 1480 433 1508 est
452 1473 497 1508 de
527 1485 672 1508 summo
699 1473 809 1516 bono,
829 1471 984 1507 refertus
1013 1478 1050 1507 et
1079 1471 1199 1507 verbis
1227 1479 1265 1508 et

78 1525 271 1561 sententiis
291 1526 442 1562 talibus.

133 1579 194 1614 Ad
222 1578 378 1615 hancine
406 1580 520 1627 igitur
538 1579 652 1615 vitam
673 1579 915 1615 Telamonem
934 1577 1041 1613 illum
1061 1578 1262 1622 revocabis,
1282 1584 1322 1611 43

79 1637 123 1667 ut
154 1631 255 1668 leves
288 1633 548 1681 aegritudinem
567 1633 580 1669 ’ἒ
624 1639 661 1668 et
694 1633 723 1668 si
753 1645 865 1680 quem
899 1638 1046 1667 tuorum
1081 1629 1264 1667 afflictum

79 1697 234 1721 maerore
255 1686 401 1729 videris,
422 1686 509 1722 huie
537 1687 785 1734 acipenserem
815 1685 939 1733 potius
959 1696 1072 1732 quam
1100 1684 1264 1732 aliquem

81 1739 310 1774 Socraticum
324 1740 495 1775 libellum
516 1739 647 1775 dabis?
677 1739 849 1786 hydrauli
865 1737 1057 1772 hortabere
1077 1744 1119 1772 ut
1139 1737 1265 1774 audiat

80 1804 190 1828 voces
221 1793 346 1840 potius
379 1806 491 1841 quam
526 1791 725 1828 Platonis?
776 1803 956 1836 expones,
990 1803 1075 1838 quae
1110 1796 1262 1838 spectet,

80 1845 212 1881 florida
241 1851 278 1880 et
308 1847 434 1882 varia?
475 1846 694 1881 fasciculum
725 1845 771 1880 ad
799 1857 906 1880 nares
932 1844 1174 1880 admovebis?
1204 1844 1263 1879 in-

81 1899 214 1934 cendes
235 1899 364 1934 odores
381 1899 394 1934 ?
425 1905 462 1935 et
481 1900 587 1934 sertis
602 1897 762 1933 redimiri
777 1897 929 1946 jubebis
945 1904 982 1933 et
994 1897 1102 1933 rosa?
1133 1897 1163 1932 si
1177 1910 1263 1934 vero

81 1951 224 1999 aliquid
242 1951 352 1988 etiam
373 1973 437 1995 -,
458 1958 538 1987 tum
559 1951 668 1999 plane
691 1951 836 1987 luctum
856 1963 1004 1987 omnem
1023 1951 1250 1986 absterseris.

135 2005 248 2041 XIX.
292 2005 387 2041 Haec
421 2005 584 2052 Epicuro
618 2004 828 2040 confitenda
861 2012 960 2046 sunt,
994 2011 1059 2039 aut
1090 2016 1144 2048 ea,
1177 2016 1262 2051 quae
1280 2011 1321 2040 44

82 2059 193 2094 modo
223 2071 400 2107 expressa
428 2059 473 2094 ad
503 2058 655 2093 verbum
685 2057 778 2101 dixi,
812 2057 976 2093 tollenda
1003 2057 1047 2092 de
1076 2057 1182 2100 libro,
1204 2057 1264 2093 vel

83 2117 184 2148 totus
213 2112 306 2148 liber
333 2112 456 2160 potius
485 2111 743 2159 abjiciundus;
780 2118 837 2147 est
864 2110 963 2146 enim
993 2109 1178 2145 confertus
1198 2122 1263 2146 vo-

82 2165 304 2213 luptatibus.
363 2165 618 2204 Quaerendum
639 2164 764 2212 igitur,
784 2176 895 2211 quem
915 2164 961 2199 ad
981 2163 1134 2198 modum
1155 2163 1264 2212 aegri-

84 2218 212 2254 tudine
233 2218 421 2266 privemus
441 2231 538 2261 eum,
561 2217 626 2265 qui
646 2217 697 2253 ita
716 2217 839 2254 dicat:

168 2321 254 2326 ——
270 2302 336 2341 Pol,
351 2303 432 2332 mihi
447 2301 577 2332 fortuna
592 2301 695 2342 megis
709 2312 794 2332 nunc
810 2302 899 2338 defit,
915 2303 1012 2340 quam
1028 2310 1137 2339 genus.

170 2346 320 2386 Namque
336 2356 472 2385 regnum
489 2345 682 2385 suppetebat
696 2346 741 2375 mi
756 2355 765 2383 ;
791 2347 827 2374 iit
842 2344 934 2378 scias,
948 2348 1067 2383 quanto
1083 2347 1101 2374 e
1115 2344 1194 2380 loco,

170 2389 308 2425 Quantis
323 2389 447 2429 opibus,
459 2389 578 2429 quibus
593 2387 632 2418 de
647 2388 746 2418 rebus
762 2389 852 2428 lapsa
865 2386 995 2417 fortuna
1009 2387 1144 2418 decidat.

638 2434 709 2469 ΗΒ
