1471 2585
106 105 347 157 103-106.]
490 119 593 143 BOOK
615 119 652 143 v.
683 119 800 143 cHAP.
822 109 991 147 35—37.
1211 110 1284 144 149

102 215 260 260 deficiat,
282 214 313 250 si
332 213 442 250 velim
460 213 689 261 paupertatis
710 225 875 249 caussam
892 214 1099 249 defendere.
1142 213 1283 261 Aperta

56 308 60 312 Δ
102 268 200 304 enim
219 281 275 304 res
295 273 350 303 est
369 273 407 302 et
426 267 591 314 quotidie
611 279 678 302 nos
697 266 778 314 ipsa
806 273 938 303 natura
964 268 1150 311 admonet,
1171 279 1281 315 quam

100 321 239 370 paucis,
261 333 372 368 quam
393 320 515 367 parvis
536 321 644 356 rebus
665 327 783 368 egeat,
801 333 911 367 quam
933 320 1084 356 vilibus.

153 373 341 411 XXXVI.
384 373 485 409 Num
516 373 630 421 igitur
659 373 872 421 ignobilitas
905 381 969 409 aut
1001 373 1190 409 humilitas
1220 380 1285 408 aut

47 439 56 440 ’
101 428 211 464 etiam
232 427 420 475 popularis
442 427 596 462 offensio
618 427 822 475 sapientem
839 428 989 462 beatum
1010 439 1089 462 esse
1110 426 1283 474 prohibe-

101 481 184 517 bit?
242 480 349 522 Vide,
371 493 418 516 ne
441 480 523 528 plus
544 480 815 516 commendatio
835 481 873 515 in
893 480 1028 528 vulgus
1049 487 1085 515 et
1100 480 1181 515 haec
1197 492 1283 528 quae

101 534 288 582 expetitur
307 534 423 582 gloria
441 534 622 569 molestiae
649 533 783 569 habeat
802 545 914 581 quam
936 533 1153 581 voluptatis.
1211 534 1284 569 Le·

100 587 245 623 viculus
265 599 352 622 sane
373 594 496 623 noster
518 587 801 631 Demosthenes,
821 587 884 634 qui
905 586 969 621 illo
993 599 1142 622 susurro
1163 587 1284 622 delec-

102 640 171 676 tari
205 653 243 676 se
270 640 415 676 dicebat
447 653 581 687 aquam
614 639 762 676 ferentis
793 639 1038 683 mulierculae,
1069 647 1111 675 ut
1140 653 1219 675 mos
1248 640 1284 675 in

104 694 250 730 Graecia
276 700 344 736 est,
364 693 704 741 insusurrantisque
730 693 857 729 alteri:
887 692 964 729 Hic
984 699 1035 729 est
1055 692 1118 728 ille
1132 693 1285 729 Demos-

103 747 238 783 thenes.
297 747 400 786 Quid
431 746 500 782 hoc
533 747 684 782 levius?
740 746 793 782 At
813 754 975 794 quantus
1005 747 1147 782 orator!
1212 746 1285 782 Sed

102 801 201 848 apud
229 801 320 836 alios
345 800 448 848 loqui
480 800 653 836 videlicet
683 800 872 843 didicerat,
903 812 977 835 non
1011 800 1171 835 multum
1206 799 1285 847 ipse

104 866 243 890 secum.
287 854 577 902 Intelligendum
599 860 654 889 est
670 853 794 901 igitur,
811 866 878 889 nec
892 853 1048 901 gloriam
1068 852 1284 901 popularem

102 907 219 955 ipsam
250 920 314 955 per
344 920 423 943 sese
452 907 700 955 expetendam
729 919 797 942 nec
825 906 1097 954 ignobilitatem
1126 906 1285 942 extime-

103 961 289 997 scendam.
354 959 442 996 Vem'
462 959 640 1002 Athenas,
664 960 787 1007 inquit
812 960 1060 1003 Democritus,
1093 972 1205 1008 neque
1234 972 1286 994 me

104 1016 289 1063 quisquam
311 1014 362 1050 ibi
381 1016 536 1062 aynovit.
593 1013 837 1049 Constantem
856 1012 1044 1048 hominem
1066 1019 1102 1048 et
1122 1025 1285 1060 gravem,

104 1067 168 1114 qui
193 1067 381 1114 glorietur,
412 1080 432 1102 a
458 1067 574 1115 gloria
603 1079 641 1102 se
669 1066 826 1102 afuisse!
883 1066 943 1102 An
975 1066 1144 1101 tibicines
1173 1066 1286 1113 iique,

106 1120 169 1168 qui
206 1120 343 1156 fidibus
385 1126 556 1162 utuntur,
598 1132 677 1163 suo,
725 1132 799 1155 non
837 1119 1089 1155 multitudinis
1137 1118 1287 1155 arbitrio

106 1180 235 1209 cantus
255 1186 504 1221 numerosque
524 1173 786 1208 moderantur:
819 1172 873 1207 vir
892 1173 1049 1220 sapiens,
1070 1173 1190 1208 multo
1211 1178 1287 1208 arte

104 1227 242 1274 majore
261 1227 452 1275 praeditus,
474 1239 549 1261 non
569 1226 659 1273 quid
679 1225 914 1261 verissimum
932 1225 990 1267 sit,
1005 1225 1067 1260 sed
1087 1225 1177 1272 quid
1200 1225 1289 1260 velit

105 1280 254 1327 vulgus,
290 1279 491 1327 exquiret?
548 1280 610 1315 An
633 1279 833 1326 quicquam
856 1278 1019 1321 stultius,
1041 1291 1165 1325 quam,
1193 1290 1287 1326 quos

105 1333 272 1381 singulos
312 1333 406 1368 sicut
443 1333 626 1380 operarios
664 1332 914 1379 barbarosque
958 1338 1185 1375 contemnas,
1225 1343 1288 1367 eos

105 1386 245 1434 aliquid
275 1393 403 1434 putare
431 1399 510 1421 esse
539 1385 762 1421 universos?
820 1385 890 1421 Ille
920 1397 1006 1420 vero
1035 1391 1180 1420 nostras
1209 1397 1287 1420 am-

104 1440 264 1475 bitiones
284 1440 528 1487 levitatesque
549 1444 761 1474 contemnet
774 1438 1007 1486 honoresque
1027 1438 1156 1486 populi
1176 1438 1287 1473 etiam

106 1493 206 1528 ultro
226 1493 368 1528 delatos
388 1493 620 1541 repudiabit;
640 1504 707 1527 nos
727 1497 851 1527 autem
873 1504 935 1527 eos
958 1491 1156 1535 nescimus,
1183 1498 1286 1527 ante—

107 1558 217 1594 quam
238 1546 417 1594 poenitere
437 1545 560 1593 coepit,
583 1552 830 1580 contemnere.

161 1599 232 1634 Est
268 1600 364 1646 apud
397 1598 626 1634 Heraclitum
658 1598 855 1646 physicum
885 1598 930 1633 de
964 1598 1128 1645 principe
1159 1597 1285 1645 Ephe-

108 1652 244 1687 siorum
268 1652 526 1688 Hermodoro:
556 1652 750 1687 universos
772 1652 822 1686 ait
851 1650 1034 1699 Ephesios
1061 1663 1140 1686 esse
1169 1657 1286 1686 morte

108 1706 334 1748 multandos,
370 1706 483 1753 quod,
523 1717 636 1753 quum
676 1704 825 1739 civitate
860 1704 1090 1751 expellerent
1127 1704 1287 1739 Hermo-

108 1758 251 1800 dorum,
277 1759 329 1794 ita
358 1759 473 1794 locuti
504 1758 601 1794 sint:
640 1756 757 1792 Nemo
777 1757 821 1792 de
851 1757 951 1792 nobis
984 1769 1075 1792 unus
1105 1756 1285 1799 excellat,-

107 1813 163 1847 sin
185 1813 265 1860 quis
282 1813 472 1854 exstiterit,
493 1811 565 1846 alio
586 1813 623 1846 z'n
643 1810 717 1846 loco
739 1815 772 1845 et
791 1810 892 1858 apud
910 1809 1002 1845 alios
1020 1810 1199 1846 sit.—An
1218 1809 1288 1846 hoc

107 1876 181 1899 non
202 1864 253 1900 ita
274 1865 315 1899 fit
338 1865 437 1900 omni
463 1865 500 1899 in
529 1863 694 1911 populo?
730 1875 853 1898 nonne
882 1875 1029 1898 omnem
1058 1875 1288 1911 exsuperan-

108 1917 197 1952 tiam
227 1917 375 1952 virtutis
404 1917 592 1952 oderunt?
651 1916 778 1955 Quid?
834 1916 1015 1952 Aristides
1044 1915 1159 1963 (malo
1189 1916 1288 1952 enim

110 1970 328 2007 Graecorum
348 1983 459 2018 quam
481 1976 604 2005 nostra
620 1967 797 2017 proferre)
811 1982 935 2005 nonne
955 1970 1001 2005 ob
1019 1982 1099 2004 eam
1119 1982 1288 2004 caussam

109 2024 292 2071 expulsus
313 2032 368 2058 est
394 2023 521 2070 patria,
542 2024 642 2070 quod
671 2029 807 2070 praeter
832 2023 982 2058 modum
1006 2023 1132 2071 justus
1159 2021 1286 2057 esset?

111 2077 273 2115 Quantis
299 2077 412 2125 igitur
442 2076 618 2111 molestiis
645 2081 791 2120 vacant,
812 2076 877 2123 qui
901 2075 993 2111 nihil
1024 2075 1173 2110 omnino
1203 2087 1286 2110 cum

109 2130 249 2178 populo
278 2129 526 2166 contrahunt!
591 2128 695 2167 Quid
715 2135 771 2164 est
799 2129 897 2164 enim
918 2129 1064 2164 dulcius
1093 2127 1167 2163 otio
1187 2127 1287 2163 litte-

111 2183 216 2219 rato?
247 2183 290 2218 iis
319 2183 401 2218 dico
431 2181 575 2226 litteris,
605 2182 741 2229 quibus
770 2182 993 2217 infinitatem
1028 2193 1148 2216 rerum
1176 2188 1288 2228 atque

111 2242 255 2272 naturae
276 2242 312 2271 et
330 2236 367 2271 in
388 2236 457 2271 hoc
485 2235 565 2283 ipso
594 2235 733 2270 mundo
753 2235 901 2279 caelum,
923 2241 1047 2277 terras,
1069 2234 1183 2269 maria
1201 2246 1288 2282 cog-

110 2289 309 2324 noscimus.

164 2341 379 2378 XXXVII.
406 2342 630 2389 Contempto
644 2340 755 2388 igitur
775 2341 927 2383 honore,
948 2345 1159 2386 contempta
1177 2340 1287 2375 etiam

113 2395 280 2441 pecunia,
319 2395 410 2442 quid
447 2394 680 2442 relinquitur,
718 2394 819 2441 quod
855 2393 1174 2429 extimescendum
1210 2392 1286 2428 sit?

670 2459 691 2482 0
713 2449 735 2482 3

1306 380 1317 409 'l
1325 381 1342 407 o
1347 380 1363 407 :J

1307 859 1366 887 104

1308 1605 1366 1634 105

1309 2349 1367 2376 106
