1471 2585
191 112 238 147 10
516 118 717 144 TUSCULAN
748 119 1044 146 niseum-mons.
1168 105 1358 157 [27—29.

186 218 304 260 potes,
325 211 468 247 animos
488 224 674 248 remanere
693 217 777 259 post
794 218 972 257 mortem3
1004 219 1096 256 tum,
1118 212 1148 248 si
1174 213 1297 249 minus
1324 212 1362 249 id

187 265 371 301 obtinebis
391 263 467 313 (est
485 265 584 301 enim
605 263 793 311 arduum),
813 266 973 310 docebis,
993 279 1112 302 carere
1135 267 1235 302 omni
1266 266 1363 302 malo

187 326 356 355 mortem.
415 319 497 366 Ego
517 319 616 354 enim
646 318 744 353 istud
771 319 893 366 ipsum
915 331 1041 354 vereor
1068 332 1114 355 ne
1142 320 1282 355 malum
1304 319 1363 363 sit,

186 384 261 407 non
281 372 362 408 dico
381 384 501 407 carere
522 384 645 414 sensu,
667 372 730 407 sed
756 372 953 407 carendum
982 385 1073 408 esse.
1130 372 1190 409 M.
1221 374 1365 408 Aucto—

186 425 289 460 ribus
309 426 457 472 quidem
479 425 524 461 ad
543 425 651 461 istam
672 425 903 466 sententiam,
920 437 1031 472 quam
1051 426 1106 461 vis
1127 426 1295 469 obtineri,
1310 425 1364 461 uti

186 479 338 526 optimis
358 491 569 526 possumus,
590 478 691 526 quod
709 478 746 513 in
768 478 940 513 omnibus
961 479 1099 514 caussis
1127 486 1164 514 et
1192 479 1302 515 debet
1329 486 1367 515 et

188 531 282 567 solet
315 532 434 568 valere
465 532 691 580 plurimum:
722 537 759 567 et
783 531 945 580 primum
975 532 1123 579 quidem
1150 533 1250 568 omni
1269 532 1365 568 anti-

187 585 341 633 quitate,
362 598 448 633 quae
469 598 542 633 quo
563 585 714 633 propius
733 585 859 621 aberat
885 585 930 620 ab
959 592 1041 620 ortu
1065 591 1102 621 et
1127 585 1253 621 divina
1279 598 1365 634 pro-

187 638 306 687 genie,
344 638 413 675 hoc
449 639 582 675 melius
619 651 661 674 ea
697 638 862 682 fortasse,
894 650 979 686 quae
1016 645 1120 674 erant
1155 651 1252 682 vera,
1287 651 1365 675 cer-

188 692 312 728 nebat.

131 754 169 786 27
243 745 375 793 Itaque
408 758 525 781 unum
557 745 651 781 illud
688 751 766 782 erat
797 745 951 781 insitum
989 744 1118 792 priscis
1153 718 1238 789 illis,
1273 757 1367 792 quos

188 811 309 834 cascos
342 799 504 847 appellat
534 799 693 842 Ennius,
728 811 808 834 esse
841 799 877 834 in
909 806 1026 834 morte
1057 810 1219 842 sensum,
1245 810 1367 846 neque

188 864 346 888 excessu
367 852 454 888 vitae
483 852 533 888 sic
560 852 673 888 deleri
698 852 898 897 hominem,
920 858 962 888 ut
981 852 1148 887 funditus
1177 851 1363 896 interiret3

187 904 298 953 idque
318 918 433 953 quum
453 905 580 941 multis
599 905 680 941 aliis
696 906 818 948 rebus,
839 912 919 941 tum
940 918 959 940 e
979 905 1169 953 pontificio
1190 905 1273 953 jure
1293 911 1330 940 et
1347 918 1368 941 e

188 958 410 994 caerimoniis
431 959 685 1007 sepulcrorum
704 959 862 1007 intelligi
880 959 977 1002 licet,
1000 970 1091 1006 quas
1117 958 1292 994 maximis
1309 958 1367 994 in-

187 1012 305 1060 geniis
323 1013 470 1060 praediti
490 1025 558 1048 nec
578 1018 680 1048 tanta
699 1025 786 1048 cura
806 1012 1008 1048 coluissent
1031 1023 1098 1047 nec
1119 1012 1273 1048 violatas
1291 1016 1367 1047 tam

187 1065 407 1113 inexpiabili
437 1066 614 1114 religione
647 1066 871 1109 sanxissent,
892 1065 962 1100 nisi
988 1065 1145 1101 haereret
1173 1065 1211 1100 in
1241 1077 1367 1101 eorum

187 1119 389 1162 mentibus,
410 1126 566 1155 mortem
592 1131 665 1155 non
692 1119 881 1154 interitum
912 1131 991 1154 esse
1022 1118 1145 1154 omnia
1175 1118 1367 1154 tollentem

188 1177 299 1220 atque
329 1172 526 1216 delentem,
547 1173 609 1208 sed
641 1173 827 1220 quandam
848 1171 953 1220 quasi
984 1171 1241 1220 migrationem
1267 1183 1367 1208 com-

187 1225 508 1273 mutationemque
526 1226 627 1269 vitae,
649 1238 734 1273 quae
752 1225 792 1261 in
811 1225 917 1262 claris
945 1225 1032 1261 viris
1060 1231 1097 1260 et
1123 1224 1269 1261 feminis
1287 1225 1368 1261 dux

188 1277 226 1313 in
247 1279 381 1315 caelum
401 1279 534 1315 soleret
553 1291 644 1322 esse,
665 1279 704 1314 in
724 1278 852 1314 ceteris
872 1278 975 1314 humi
994 1278 1211 1314 retineretur
1230 1284 1266 1314 et
1284 1289 1367 1325 per-

130 1342 171 1370 28
188 1338 352 1367 maneret
364 1337 499 1367 tamen.
548 1332 610 1367 Ex
630 1331 698 1368 hoc
718 1339 753 1367 et
772 1338 982 1367 nostrorum
1003 1331 1175 1379 opinione
1192 1330 1368 1368 Romulus

190 1385 226 1420 in
256 1384 349 1421 caelo
378 1397 455 1421 cum
482 1385 539 1420 dis
572 1386 646 1433 aqit
676 1397 802 1428 aevom,
823 1390 866 1420 ut
897 1384 1006 1419 famae
1037 1384 1242 1420 assentiens
1272 1384 1369 1420 dixit

189 1437 350 1481 Ennius,
371 1444 407 1473 et
440 1439 538 1485 apud
563 1438 715 1474 Graecos
747 1438 908 1485 indeque
941 1437 1133 1485 perlapsus
1162 1438 1207 1473 ad
1236 1450 1304 1473 nos
1331 1444 1367 1474 et

189 1503 311 1539 usque
343 1491 390 1527 ad
424 1492 615 1527 Oceanum
651 1491 832 1527 Hercules
864 1498 989 1526 tantus
1024 1497 1060 1526 et
1093 1498 1168 1527 tam
1204 1503 1369 1539 praesens

188 1543 346 1580 habetur
379 1545 482 1580 deus.
552 1545 653 1581 Hinc
690 1545 804 1580 Liber
841 1544 986 1580 Semela
1022 1550 1132 1580 natus
1165 1545 1368 1593 eademque

189 1596 299 1634 famae
342 1598 554 1634 celebritate
594 1598 821 1646 Tyndaridae
866 1598 1005 1639 fratres,
1044 1597 1109 1645 qui
1145 1609 1220 1633 non
1257 1597 1368 1634 modo

189 1651 375 1699 adjutores
395 1651 432 1686 in
452 1651 593 1700 proeliis
620 1652 784 1687 victoriae
811 1651 939 1699 populi
968 1650 1141 1694 Romani,
1163 1651 1227 1686 sed
1257 1651 1367 1686 etiam

191 1704 314 1740 nuntii
350 1704 465 1740 fuisse
503 1705 753 1753 perhibentur.
812 1704 944 1743 Quid?
988 1704 1068 1747 Ino,
1109 1703 1239 1740 Cadmi
1277 1703 1366 1748 filia,

190 1769 313 1793 nonne
338 1759 517 1794 Λευκοθέα
543 1758 734 1794 nominata
760 1771 780 1794 a
810 1758 965 1801 Graecis,
987 1757 1136 1793 Matuta
1163 1757 1321 1793 habetur
1348 1769 1370 1793 a

190 1810 357 1846 nostris?
415 1811 544 1850 Quid?
575 1818 696 1847 totum
718 1824 829 1859 prope
849 1811 996 1854 caelum,
1017 1823 1063 1846 ne
1093 1810 1216 1858 plures
1244 1822 1368 1858 perse-

191 1875 294 1911 quar,
315 1876 438 1899 nonne
459 1865 619 1901 humano
639 1877 771 1912 genere
792 1865 1019 1913 completum
1038 1863 1122 1899 est?

135 1926 174 1956 29
246 1916 364 1953 XIII.
397 1918 436 1953 Si
457 1930 541 1953 vero
560 1919 713 1954 scrutari
732 1925 855 1954 vetera
874 1924 911 1953 et
928 1930 976 1953 ex
996 1917 1039 1952 iis
1065 1930 1118 1960 ea,
1139 1929 1226 1964 quae
1255 1916 1367 1964 scrip-

192 1976 288 2006 tores
306 1970 464 2006 Graeciae
478 1971 729 2019 prodiderunt,
744 1984 868 2007 eruere
885 1984 1004 2014 coner,
1020 1970 1090 2018 ipsi
1106 1970 1169 2012 illi,
1188 1969 1370 2018 majorum

191 2023 360 2072 gentium
381 2023 431 2059 dii
450 2025 514 2072 qui
534 2024 834 2068 habentur„hinc
854 2037 874 2060 a
892 2025 998 2060 nobis
1017 2023 1218 2071 profectiin
1234 2022 1369 2058 caelum

191 2077 430 2125 reperientur.
489 2078 637 2119 Quaere,
659 2090 816 2124 quorum
836 2078 1132 2113 demonstrentur
1149 2075 1316 2123 sepulcra
1332 2075 1369 2111 in

195 2129 367 2173 Graecia;
398 2130 641 2173 reminiscere,
674 2131 849 2178 quoniam
889 2143 926 2166 es
963 2130 1142 2171 initiatus,
1173 2141 1260 2176 quae
1295 2135 1368 2164 tra-

194 2182 330 2218 dantur
348 2183 557 2231 mysteriis:
589 2190 667 2219 tum
697 2184 869 2231 denique,
895 2196 1006 2231 quarn
1033 2182 1100 2217 hoc
1130 2181 1202 2217 late
1231 2187 1367 2228 pateat,

193 2235 391 2284 intelligeS.
448 2237 521 2272 Sed
539 2237 602 2284 qui
622 2236 787 2272 nondum
807 2249 861 2278 ea,
882 2249 967 2284 quae
998 2235 1123 2271 multis
1153 2241 1236 2283 post
1263 2234 1369 2270 annis

195 2289 342 2324 tractari
380 2296 502 2338 coepta
535 2296 634 2333 sunt,
667 2290 820 2338 physica
858 2289 1082 2330 didicissent,
1117 2295 1261 2323 tantum
1299 2287 1368 2323 sibi

193 2352 462 2389 persuaserant,
483 2350 664 2390 quantum
695 2349 827 2378 natura
859 2343 1079 2378 admonente
1106 2346 1367 2388 cognoverant,

193 2395 352 2432 rationes
370 2402 406 2432 et
424 2408 573 2433 caussas
590 2408 708 2433 rerum
729 2408 803 2432 non
824 2396 1010 2438 tenebant,
1032 2394 1120 2430 visis
1145 2393 1369 2442 quibusdam
