1471 2585
149 115 175 149 4
472 123 678 150 'ruscumm
706 123 1003 150 msruranons.
1163 110 1328 163 [9—11.

148 227 256 262 posse
277 215 447 252 Socrates
473 215 733 252 arbitrabatur.
792 215 866 252 Sed
892 228 969 263 quo
997 216 1228 253 commodius
1252 217 1329 254 dis-

148 268 360 316 putationes
389 275 526 305 nostrae
555 269 801 317 explicentur,
830 268 882 304 sic
909 281 971 304 eas
994 282 1193 317 exponam,
1221 270 1328 318 quasi

149 328 281 370 agatur
298 335 368 367 res,
387 335 464 358 non
484 321 592 370 quasi
610 328 792 358 narretur.
849 322 950 370 Ergo
976 322 1028 358 ita
1056 330 1231 360 nascetur
1258 336 1328 360 ex-

148 375 305 411 ordium.

111 436 130 467 9
201 428 250 465 V.
280 427 331 465 A.
353 428 498 464 Malum
517 427 608 464 mihi
624 427 771 464 videtur
785 440 865 464 esse
883 440 994 465 mors.
1035 427 1096 465 M.
1117 429 1243 473 Lisne,
1262 430 1328 478 qui

147 482 283 518 mortui
304 488 402 526 sunt,
423 494 470 518 an
489 481 545 526 iis,
567 481 704 530 quibus
723 481 954 517 moriendum
974 481 1059 517 est?
1115 482 1166 518 A.
1199 483 1325 520 Utris-

148 547 233 582 que.
297 534 358 571 M.
395 535 465 571 Est
493 535 668 570 miserum
701 534 827 582 igitur,
857 535 1032 582 quoniam
1065 535 1218 572 malum.
1273 535 1326 574 A.

149 587 270 625 Certe.
326 587 387 624 M.
417 588 519 636 Ergo
551 594 588 624 et
619 588 657 632 ii,
688 588 826 635 quibus
859 587 984 623 evenit
1012 588 1104 636 jam,
1136 595 1176 624 ut
1204 601 1326 626 more-

146 648 284 685 rentur,
315 648 351 677 et
376 641 415 684 ii,
442 642 579 689 quibus
606 647 828 677 eventurum
857 649 925 685 est,
954 641 1089 677 miseri.
1146 641 1197 678 A.
1229 642 1327 679 Mihi

146 693 198 731 ita
225 694 382 731 videtur.
446 694 507 731 M.
537 694 658 730 Nemo
686 706 772 742 ergo
801 707 876 730 non
906 694 1029 730 miser.
1085 694 1136 731 A.
1167 694 1326 732 Prorsus

146 760 269 784 nemo.
331 746 392 784 M.
433 747 485 784 Et
516 748 680 796 quidem,
713 747 742 783 si
775 747 843 784 tibi
880 754 1047 783 constare
1079 748 1148 791 vis,
1181 761 1324 794 omneS‚

146 801 362 850 quicunque
397 801 475 837 nati
512 806 600 837 sunt
631 807 800 844 eruntve‚
834 813 908 836 non
939 800 1062 836 solum
1089 801 1226 845 miseri,
1260 803 1326 839 sed

145 854 256 891 etiam
286 867 430 902 semper
460 854 596 890 miseri.
665 854 761 890 Nam
798 854 828 890 si
858 854 954 890 solos
987 867 1050 890 eos
1084 854 1223 891 diceres
1253 855 1325 892 mi-

146 920 257 952 seros,
288 908 425 956 quibus
458 908 690 943 moriendum
727 914 836 951 esset,
874 907 1058 943 neminem
1098 914 1139 943 tu
1172 908 1325 956 quidem

145 973 284 1005 eorum,
316 961 380 1009 qui
413 961 592 1005 viverent,
630 960 822 1009 exciperes
854 958 1105 1007 (moriendum
1138 970 1196 997 est
1224 962 1323 998 enim

144 1012 360 1061 omnibus);
392 1023 489 1050 esset
514 1021 638 1051 tamen
669 1014 827 1050 miseriae
857 1013 943 1049 finis
973 1014 1010 1049 in
1044 1020 1186 1058 morte3
1227 1027 1325 1062 quo—

143 1067 244 1103 niam
281 1075 404 1104 autem
443 1068 554 1103 etiam
588 1068 725 1104 mortui
761 1067 886 1103 miseri
922 1074 1020 1110 sunt,
1061 1067 1099 1102 in
1139 1068 1324 1105 miseriam

143 1121 329 1157 nascimur
373 1122 648 1169 sempiternam.
714 1120 874 1156 Necesse
916 1127 972 1156 est
1014 1120 1126 1164 enim,
1169 1121 1324 1158 miseros

143 1186 223 1210 esse
243 1187 318 1218 eos,
339 1175 404 1223 qui
430 1181 581 1211 centum
608 1174 760 1210 milibus
789 1186 971 1210 annorum
991 1180 1076 1209 ante
1096 1173 1323 1220 occiderunt,

143 1227 203 1262 vel
232 1228 356 1275 potius
384 1239 524 1270 omnes,
545 1227 759 1276 quicunque
785 1227 863 1264 nati
888 1233 986 1262 sunt.
1044 1226 1096 1263 A.
1132 1226 1193 1263 Ita
1219 1240 1323 1276 pror-

144 1292 207 1316 sus
224 1281 412 1318 existimo.

87 1342 126 1372 10
196 1332 256 1370 Μ.
289 1333 371 1378 Dic,
399 1346 556 1382 quaeso:
595 1333 698 1369 Num
730 1340 765 1369 te
793 1333 856 1369 illa
885 1338 1033 1376 terrent,
1061 1332 1194 1381 triceps
1222 1333 1322 1382 apud

142 1386 278 1422 inferos
326 1387 521 1430 Cerberus,
572 1386 705 1435 Cocyti
750 1386 930 1430 fremitus,
977 1386 1155 1422 travectio
1196 1386 1321 1424 Ache-

141 1440 325 1484 tontis,-

216 1529 329 1560 Me'nto
349 1538 510 1559 summam
526 1538 644 1569 aquam
660 1528 822 1570 fittingens
837 1531 970 1559 enectus
987 1528 1143 1559 Tantalus
1158 1528 1211 1559 siti
1226 1529 1238 1559 Ξ

140 1616 220 1646 tum
239 1610 346 1654 illud,
366 1610 463 1658 quod

764 1669 920 1710 Sisyphus
935 1673 1043 1699 versat

309 1713 431 1745 Saxum
447 1712 567 1744 sudans
581 1712 714 1743 nitendo
729 1722 834 1752 neque
850 1713 978 1752 proficit
993 1713 1095 1743 hilum
1110 1714 1121 1743 ἓ

139 1813 293 1849 fortasse
323 1812 434 1848 etiam
465 1811 715 1848 inexorabiles
742 1810 900 1859 judiees,
934 1810 1060 1847 Minos
1094 1818 1131 1848 et
1165 1811 1318 1849 Rhada-

139 1865 314 1902 manthus
335 1865 349 1900 ’Ζ
403 1865 502 1913 apud
545 1877 639 1913 quos
677 1877 746 1901 nec
788 1871 823 1900 te
866 1864 911 1901 L.
948 1865 1104 1901 Crassus
1145 1865 1318 1902 defendet

138 1931 207 1956 nec
234 1918 289 1954 M.
311 1919 512 1962 Antonius,
542 1931 622 1961 nec,
657 1917 833 1966 quoniam
862 1918 963 1965 apud
990 1918 1144 1954 Graecos
1169 1918 1317 1967 judices

138 1984 196 2008 res
225 1978 365 2020 agetur,
403 1971 539 2019 poteris
571 1971 745 2007 adhibere
779 1971 1098 2008 Demosthenem:
1139 1971 1208 2008 tibi
1243 1971 1317 2020 ipsi

138 2038 204 2074 pro
231 2033 266 2061 te
292 2025 360 2061 erit
382 2025 547 2060 maxima
575 2036 712 2076 corona*
737 2036 866 2060 caussa
894 2024 1061 2061 dicenda.
1119 2024 1215 2061 Haec
1242 2025 1316 2061 for·

138 2086 235 2115 tasse
259 2078 395 2114 metuis
414 2085 451 2114 et
469 2077 605 2114 idcirco
624 2084 779 2113 mortem
800 2090 927 2113 censes
947 2090 1027 2114 esse
1048 2078 1315 2126 sempiternum

137 2132 289 2168 malum.

190 2185 261 2221 VI.
291 2184 341 2221 A.
362 2184 515 2220 Adeone
536 2196 594 2220 me
617 2183 770 2219 delirare
795 2196 935 2228 censes,
958 2190 1000 2220 ut
1027 2184 1099 2219 ista
1126 2196 1206 2220 esse
1234 2195 1314 2220 cre-

137 2238 249 2275 dam?
307 2236 366 2274 M.
397 2239 458 2273 An
479 2244 519 2273 tu
542 2236 623 2273 haec
649 2249 722 2272 non
751 2237 895 2272 credis?
952 2236 1001 2273 A.
1035 2236 1192 2272 Minime
1210 2248 1313 2272 vero.

136 2291 196 2328 M.
228 2291 340 2334 Male,
362 2290 522 2333 hercule,
541 2302 679 2326 narras.
727 2289 778 2326 A.
802 2289 908 2326 Cur?
938 2301 1079 2338 quaeso.
1130 2289 1188 2326 M.
1211 2289 1314 2327 Quia

83 2355 116 2384 11
136 2345 294 2381 disertus
323 2357 401 2380 esse
430 2356 591 2392 possem,
610 2343 640 2379 si
668 2349 793 2379 contra
812 2343 883 2379 ista
902 2342 1074 2378 dicerem.
1130 2342 1182 2379 A.
1213 2341 1311 2380 Quis

135 2398 232 2435 enim
254 2410 328 2434 non
348 2398 386 2433 in
406 2397 590 2446 ejusmodi
607 2396 766 2433 caussa?
796 2402 860 2432 aut
875 2396 964 2444 quid
983 2395 1121 2444 negotii
1140 2403 1207 2439 est,
1227 2395 1310 2432 haec
