1471 2585
230 88 280 122 50
556 94 760 121 ΤυεευιΑΝ
791 94 1094 120 DISPUTATJONS.
1224 79 1416 132 [29—31.

229 192 323 229 nihil
342 204 433 236 esse,
447 191 519 227 nisi
539 197 743 239 sequantur
758 191 916 227 dolores.
964 190 1062 229 Quis
1078 189 1193 238 igitur
1208 190 1415 238 Epicurum

230 246 399 294 sequitur
418 245 533 287 dolor,
554 257 670 292 quum
691 244 760 280 boc
779 245 902 292 ipsum
932 244 1033 287 dicit,
1055 256 1244 279 summum
1273 244 1414 280 malum

231 312 310 335 esse
329 298 524 335 dolorem?
555 311 628 346 quo
649 298 808 334 dedecus
829 297 948 346 majus
970 310 990 333 a
1018 296 1238 345 philosopho
1267 297 1415 334 nullum

230 359 419 400 exspecto.
477 352 602 391 Quare
631 351 720 386 satis
747 351 838 386 mihi
866 350 1013 393 dedisti,
1034 362 1150 398 quum
1179 351 1414 399 respondisti,

230 406 351 455 majus
371 406 438 441 tibi
458 405 575 440 videri
594 404 735 440 malum
758 405 931 446 dedecus,
952 416 1064 451 quam
1092 404 1270 440 dolorem.
1328 404 1414 440 Hoc

229 460 352 507 ipsum
374 459 471 495 enim
492 459 521 493 si
551 458 705 500 tenebis,
725 458 919 505 intelligeS,
941 469 1052 505 quam
1082 457 1129 493 sit
1156 457 1415 494 obsistendum

230 513 373 556 dolori3
404 525 471 548 nec
505 519 579 547 tam
613 511 857 559 quaerendum
896 518 964 553 est,
997 510 1103 546 dolor
1134 511 1320 547 malumne
1353 511 1413 556 sit,

230 579 343 614 quam
363 566 569 601 firmandus
588 566 734 600 animus
754 565 798 600 ad
818 564 982 599 dolorem
1004 563 1210 600 ferendum.

161 619 212 655 '29
285 620 528 655 Concludunt
558 617 785 653 ratiunculas
817 617 945 660 Stoici,
974 629 1040 652 cur
1066 630 1140 653 non
1171 618 1218 653 sit
1245 618 1410 662 malum3

230 673 334 720 quasi
355 673 399 708 de
421 672 544 715 verbo,
565 684 639 707 non
660 672 705 706 de
724 684 761 706 re
780 671 1143 709 laboretur.—Quid
1172 683 1231 706 me
1260 672 1412 720 decipis,

229 726 362 762 Zeno?
419 725 514 761 Nam
537 737 653 772 quum
675 725 724 767 id,
745 724 847 773 quod
876 724 967 759 mihi
994 724 1170 760 horribile
1191 724 1350 769 videtur,
1371 732 1414 761 tu

229 781 380 815 omnino
414 779 553 814 malum
585 790 698 825 negas
728 790 819 820 esse,
849 778 973 825 capior
1006 786 1044 813 et
1073 778 1163 814 scire
1186 778 1307 826 cupio,
1338 791 1413 827 quo

229 835 339 869 modo
371 833 420 875 id,
441 832 541 879 qnod
576 844 644 878 ego
673 831 919 867 miserrimum
951 831 1176 874 existimem,
1197 844 1245 867 ne
1271 831 1413 868 malum

229 887 379 934 quidem
400 884 623 921 siff-Nihil
643 893 710 928 est,
741 885 874 932 inquit,
905 885 1057 929 malum,
1087 885 1158 920 nisi
1183 885 1284 932 quod
1303 892 1414 934 turpe

227 947 339 987 atque
377 939 550 974 vitiosum
589 938 774 973 est.—Ad
811 938 969 985 ineptias
1001 937 1110 974 redis.
1168 938 1269 974 Illud
1298 939 1412 984 enim,

228 993 329 1040 quod
350 1005 407 1028 me
427 993 598 1039 angebat,
618 1004 693 1027 non
714 991 862 1027 eximis.
922 991 1006 1027 Scio
1035 991 1199 1027 dolorem
1228 1004 1303 1028 non
1333 1005 1414 1028 esse

227 1046 447 1094 nequitiam.
498 1045 636 1080 Desine
673 1045 711 1080 id
748 1058 807 1080 me
844 1045 998 1088 doeere;
1030 1044 1100 1081 hoc
1132 1045 1235 1089 doce,
1266 1045 1413 1082 doleam

227 1112 343 1135 necne
377 1099 534 1141 doleam,
566 1098 659 1133 nihil
694 1098 1161 1146 interesse—Numquam
1198 1098 1412 1147 quicquam,

227 1152 363 1200 inquit,
385 1153 429 1187 ad
450 1152 556 1187 beate
575 1152 726 1199 quidem
746 1151 963 1193 vivendum,
984 1152 1084 1199 quod
1105 1158 1161 1187 est
1180 1151 1218 1187 in
1247 1164 1320 1188 una
1338 1152 1413 1188 vir-

229 1212 308 1241 tute
328 1206 504 1254 positum,
527 1205 590 1240 sed
611 1212 666 1240 est
685 1212 809 1240 tamen
839 1204 1095 1253 rejiciendum.
1154 1205 1260 1241 Cur?
1291 1207 1412 1255 Aspe-

228 1271 311 1294 rum
356 1267 425 1302 est,
470 1265 598 1294 contra
636 1265 819 1301 naturam,
863 1258 1011 1294 difficile
1057 1271 1247 1307 perpessu,
1294 1259 1411 1304 triste,

228 1312 377 1348 durum.

169 1372 210 1402 30
281 1366 401 1402 XIII.
434 1365 531 1401 Haec
560 1372 616 1400 est
650 1364 756 1412 copia
789 1364 998 1408 verborum,
1032 1366 1132 1413 quod
1169 1378 1297 1402 omnes
1335 1379 1411 1403 uno

229 1420 341 1454 v·e1b0
372 1419 510 1454 malum
542 1418 673 1466 appell
678 1430 786 1461 xmus,
821 1418 858 1453 id
891 1425 946 1454 tot
976 1419 1095 1454 modis
1124 1431 1232 1466 posse
1263 1420 1409 1457 dicere!

228 1471 375 1508 Definis
394 1480 434 1507 tu
453 1471 555 1515 mihi,
577 1484 650 1507 non
671 1471 770 1506 tollis
790 1471 966 1512 dolorem,
980 1484 1098 1519 quum
1118 1472 1209 1508 dicis
1224 1485 1410 1521 asperum,

227 1531 354 1561 contra
383 1533 565 1567 naturam,
591 1525 652 1560 vix
682 1525 783 1572 quod
811 1525 894 1560 ferri
923 1525 1143 1573 tolerarique
1172 1527 1311 1574 possit;
1342 1539 1411 1563 nec

227 1579 420 1620 mentiris;
453 1579 516 1614 sed
536 1591 574 1614 re
593 1578 834 1614 succumbere
854 1590 929 1613 non
957 1581 1151 1626 oportebat
1181 1580 1300 1616 verbis
1328 1580 1410 1628 glo-

228 1631 396 1675 riantem,
425 1632 514 1667 dum
543 1632 635 1667 nihil
663 1632 816 1674 bonum,
844 1631 918 1666 nisi
945 1632 1046 1679 quod
1075 1632 1290 1676 honestum,
1318 1634 1412 1670 nihil

227 1685 381 1729 malum,
401 1685 471 1720 nisi
501 1686 600 1733 quod
631 1692 751 1732 turpe.
810 1685 948 1732 Optare
977 1685 1046 1720 hoc
1075 1686 1225 1732 quidem
1245 1693 1313 1727 est,
1334 1699 1409 1723 non

226 1739 369 1775 docere.
428 1738 530 1774 Illud
552 1746 588 1774 et
607 1738 741 1773 melius
770 1746 806 1774 et
826 1738 974 1774 verius:
1004 1739 1141 1782 omnia,
1162 1751 1250 1786 quae
1278 1746 1411 1776 natura

225 1798 453 1839 aspernetur,
475 1792 512 1827 in
533 1791 641 1827 malis
661 1804 763 1835 esse3
787 1804 873 1839 quae
892 1791 1084 1835 adsciscat,
1102 1792 1138 1827 in
1152 1792 1274 1828 bonis.
1324 1793 1410 1829 Hoc

225 1844 348 1892 posito
369 1852 405 1880 et
425 1845 619 1880 verborum
638 1844 909 1880 concertatione
930 1845 1087 1889 sublata,
1109 1852 1254 1881 tantum
1285 1853 1409 1883 tamen

225 1898 387 1933 excellet
420 1898 526 1940 illud,
548 1898 651 1945 quod
684 1905 781 1933 recte
814 1898 1076 1946 amplexantur
1109 1898 1181 1940 isti.
1210 1900 1312 1946 quod
1339 1900 1408 1936 ho-

225 1957 386 1995 nestum,
407 1951 507 1998 quod
535 1958 690 1993 rectum,
711 1952 811 1999 quod
839 1952 1011 1987 decorum
1042 1952 1287 2000 appellamus,
1307 1954 1410 2000 quod

224 2004 322 2039 idem
343 2004 530 2040 interdum
560 2005 706 2040 virtutis
735 2004 885 2052 nomine
913 2005 1183 2052 amplectimur,
1213 2012 1257 2041 ut
1283 2007 1410 2042 omnia

224 2065 415 2104 praeterea,
436 2070 522 2106 quae
551 2057 648 2092 bona
676 2058 836 2105 corporis
866 2065 902 2094 et
925 2058 1085 2094 fortunae
1115 2065 1302 2106 putantur,
1323 2072 1408 2107 per-

224 2111 363 2158 exigua
391 2118 427 2147 et
456 2111 599 2146 minuta
620 2110 835 2154 videantur3
868 2124 914 2147 ne
935 2112 1072 2147 malum
1094 2111 1244 2159 quidem
1273 2112 1407 2157 ullum,

225 2175 304 2206 nec,
325 2165 354 2199 si
374 2164 412 2200 in
432 2176 551 2200 unum
571 2163 695 2199 locum
718 2164 852 2200 collata
871 2165 995 2201 omnia
1023 2164 1108 2208 sint,
1130 2177 1216 2200 cum
1245 2166 1408 2214 turpitu-

166 2225 205 2255 31
225 2215 319 2252 dinis
339 2217 437 2252 malo
459 2217 716 2265 comparanda.
775 2217 901 2255 Quare
921 2218 963 2261 si,
984 2224 1028 2254 ut
1046 2217 1152 2253 initio
1179 2220 1407 2264 concessisti,

225 2269 417 2316 turpitudo
443 2270 550 2318 pejus
578 2277 635 2306 est
662 2282 775 2317 quam
807 2270 923 2314 dolor,
945 2270 1037 2306 nihil
1065 2279 1120 2306 est
1148 2271 1259 2318 plane
1286 2272 1405 2310 dolor.

225 2322 322 2358 Nam
343 2323 430 2358 dum
454 2324 520 2359 tibi
541 2330 646 2371 turpe
666 2335 733 2358 nec
753 2324 906 2370 dignum
937 2324 1013 2360 viro
1043 2324 1228 2360 videbitur
1246 2338 1406 2373 gemere,

223 2375 375 2424 ejulare,
392 2376 596 2421 lamentari,
610 2376 741 2425 frangi,
758 2377 944 2413 debilitari
959 2377 1099 2421 dolore,
1114 2377 1203 2414 dum
1219 2377 1406 2424 honestas,
