1471 2585
108 87 250 139 6—8.]
534 98 639 124 BOOK
668 98 695 124 1.
717 99 834 123 cHAP.
856 90 892 123 4.
1269 93 1289 127 3

111 199 273 237 aetatem,
293 197 335 228 ut
358 203 433 227 non
460 190 622 227 multum
648 196 713 227 aut
737 190 830 227 nihil
850 190 1000 227 omnino
1021 191 1162 228 Graecis
1182 193 1290 229 cede-

109 253 220 282 retur.

163 299 405 347 Philosophia
424 298 543 347 jacuit
559 311 678 347 usque
704 298 750 334 ad
775 298 870 335 hanc
897 304 1046 335 aetatem
1076 311 1143 335 nec
1168 299 1288 335 ullum

108 352 239 389 habuit
258 353 384 388 lumen
405 353 611 388 litterarum
633 352 872 393 Latinarum;
904 365 989 400 quae
1010 352 1232 388 illustranda
1252 360 1288 388 et

69 435 79 437 ἡ
108 406 307 442 excitanda
338 407 445 442 nobis
476 412 542 448 est,
572 412 626 447 ut,
656 405 685 441 si
715 406 884 453 occupati
913 406 1118 454 profuimus
1147 406 1287 453 aliquid

108 459 252 496 civibus
272 460 420 503 nostris,
442 459 627 508 prosimus
649 459 771 502 etiam,
792 460 821 494 si
843 472 1052 507 possumus,
1076 459 1195 495 otiosi.
1241 459 1286 496 In
1306 468 1323 495 6

107 525 182 561 quo
213 525 256 549 eo
276 513 392 561 magis
423 512 530 548 nobis
558 519 613 548 est
643 512 920 556 elaborandum,
950 513 1050 560 quod
1077 513 1186 548 multi
1207 512 1286 561 jam

108 579 188 602 esse
216 566 299 602 libri
326 566 451 602 Latini
475 566 662 610 dicuntur,
693 566 817 614 scripti
847 566 1114 602 inconsiderate
1145 566 1190 602 ab
1221 579 1287 614 op—

107 619 207 655 timis
236 620 308 655 illis
332 620 484 668 quidem
510 619 609 663 viris,
640 619 702 655 sed
735 632 810 655 non
845 619 933 655 satis
963 619 1130 655 eruditis.
1190 619 1287 656 Fieri

108 679 234 709 autem
260 679 395 721 potest,
423 681 464 709 ut
490 679 587 708 recte
615 673 700 720 quis
729 672 863 708 sentiat
892 680 928 709 et
956 672 1006 716 id,
1034 673 1135 720 quod
1161 673 1285 716 sentit,

107 726 222 774 polite
242 727 367 775 eloqui
396 739 470 763 non
498 726 637 773 possit;
670 726 734 761 sed
763 726 936 762 mandare
967 739 1193 773 quemquam
1223 726 1282 762 lit-

107 780 194 816 teris
213 780 455 828 cogitationes
475 793 571 823 snas,
593 779 657 828 qui
681 792 741 815 eas
769 792 834 815 nec
861 780 1054 827 disponere
1083 792 1149 815 nec
1177 779 1285 815 illus-

107 839 202 869 trare
231 834 349 881 possit
381 846 449 870 nec
480 833 722 869 delectatione
755 833 880 881 aliqua
916 833 1060 868 allicere
1097 833 1283 877 lectorem,

105 885 267 923 hominis
293 894 349 923 est
377 887 663 935 intemperanter
691 886 879 922 abutentis
903 893 940 922 et
969 886 1042 921 otio
1074 893 1110 922 et
1139 887 1282 923 litteris.

107 939 240 988 Itaque
279 953 365 977 suos
400 941 514 976 libros
554 940 624 988 ipsi
660 940 790 988 legunt
827 952 911 976 cum
950 940 1038 982 suis,
1079 952 1145 976 nec
1182 941 1284 987 quis-

107 1005 219 1041 quam
257 994 406 1043 attingit
431 1000 565 1042 praeter
593 1006 666 1038 eos,
699 993 762 1042 qui
792 995 947 1029 eandem
976 993 1164 1029 licentiam
1196 994 1284 1029 scri-

105 1046 219 1083 bendi
248 1047 317 1083 sibi
346 1047 509 1095 permitti
538 1047 682 1083 volunt.
746 1046 870 1086 Quare
892 1047 922 1082 si
947 1046 1089 1094 aliquid
1115 1048 1284 1083 oratoriae

105 1099 227 1136 laudis
272 1107 398 1137 nostra
442 1101 636 1136 attulimus
675 1100 868 1144 industria,
917 1100 1035 1135 multo
1082 1101 1284 1136 studiosius

105 1153 352 1202 philosophiae
370 1155 489 1190 fontes
510 1154 728 1202 aperiemus,
750 1166 769 1189 e
790 1154 924 1201 quibus
946 1153 1056 1189 etiam
1075 1153 1139 1189 illa
1157 1166 1284 1190 mana-

104 1206 208 1243 bant.

161 1260 230 1297 IV.
263 1261 336 1297 Sed
361 1267 405 1297 ut
423 1261 656 1304 Aristoteles,
677 1260 733 1296 vir
761 1273 907 1296 summo
929 1260 1091 1308 ingenio,
1119 1261 1281 1305 scientia,
1306 1283 1312 1299 ι

106 1314 223 1362 copia,
245 1327 361 1362 quum
381 1320 506 1350 motus
533 1320 630 1350 esset
652 1314 822 1350 isocratis
842 1313 997 1349 rhetoris
1016 1313 1142 1362 gloria,
1164 1314 1283 1350 dicere

106 1367 215 1403 etiam
235 1369 348 1416 coepit
365 1368 617 1404 adolescentes
633 1368 762 1403 docere
781 1375 818 1403 et
837 1367 1071 1415 prudentiam
1092 1380 1175 1403 cum
1205 1368 1282 1403 elo-

106 1421 257 1468 quentia
272 1421 452 1470 jungere:
483 1421 533 1457 sic
556 1421 663 1457 nobis
690 1421 810 1469 placet
828 1433 894 1456 nec
921 1421 1117 1468 pristinum
1138 1421 1284 1457 (licendi

106 1474 271 1510 studium
288 1476 470 1523 deponere
491 1481 527 1510 et
548 1474 587 1510 in
612 1474 679 1510 hac
704 1474 841 1522 majore
861 1481 898 1509 et
916 1474 1084 1509 uberiore
1104 1482 1179 1510 arte
1200 1487 1282 1510 ver-

106 1528 188 1564 sari.
248 1528 358 1564 Hanc
376 1528 473 1564 enim
493 1527 691 1576 perfectam
720 1527 990 1575 philosophiam
1017 1541 1161 1576 semper
1181 1528 1282 1576 judi-

106 1581 198 1624 cavi,
237 1594 323 1629 quae
361 1582 406 1617 de
450 1580 625 1617 maximis
662 1581 934 1629 quaestionibus
973 1581 1120 1628 copiose
1157 1589 1284 1629 posset

105 1642 307 1682 ornateque
327 1635 470 1671 dicere:
501 1635 538 1670 in
559 1647 671 1682 quam
696 1635 997 1670 exercitationem
1027 1634 1079 1670 ita
1106 1647 1174 1670 nos
1204 1641 1281 1670 stu-

105 1686 208 1724 diose
237 1689 419 1732 dedimus,
449 1695 492 1724 ut
513 1687 592 1736 jam
622 1688 732 1724 etiam
765 1688 908 1723 scholas
935 1688 1153 1723 Graecorum
1184 1700 1282 1723 more

104 1740 239 1777 habere
256 1742 489 1778 auderemus.
548 1741 602 1777 Ut
630 1754 748 1790 nuper
776 1748 882 1776 tuum
907 1748 990 1788 post
1016 1741 1218 1776 discessum
1244 1741 1282 1776 in

106 1794 333 1838 Tusculano,
361 1808 476 1843 quum
507 1801 631 1830 essent
659 1794 866 1842 complures
896 1806 1042 1829 mecum
1072 1794 1280 1837 familiares,

105 1848 257 1891 tentavi,
279 1849 369 1896 quid
387 1848 423 1884 in
444 1861 487 1884 eo
507 1860 639 1896 genere
662 1860 821 1896 possem.
880 1847 935 1883 Ut
960 1847 1059 1883 enim
1087 1856 1195 1883 antea
1217 1848 1281 1883 de—

105 1900 338 1937 clamitabam
373 1914 534 1945 caussas,
565 1902 664 1948 quod
695 1913 804 1937 nemo
837 1913 894 1936 me
929 1901 1069 1936 diutius
1101 1900 1198 1944 fecit,
1230 1901 1281 1936 sic

103 1953 187 1990 haec
207 1954 296 1990 mihi
316 1967 417 1990 nunc
437 1954 561 1990 senilis
581 1961 637 1989 est
656 1954 884 1990 declamatio.
935 1953 1280 2002 Ponerejubebam,

105 2008 150 2043 de
181 2020 256 2055 quo
287 2008 370 2056 quis
404 2008 530 2044 audire
558 2008 692 2052 vellet;
723 2008 769 2044 ad
792 2008 829 2044 id
857 2014 922 2043 aut
950 2008 1082 2043 sedens
1108 2014 1172 2043 aut
1203 2020 1282 2042 am-

103 2060 238 2097 bulans
258 2061 507 2109 disputabam.

159 2114 293 2162 Itaque
320 2115 461 2150 dierum
483 2114 648 2162 quinque
673 2114 830 2159 scholas,
862 2121 904 2150 ut
932 2114 1053 2150 Graeci
1079 2113 1279 2161 appellant,
1302 2124 1318 2151 S

103 2167 143 2203 in
163 2167 315 2203 totidem
341 2168 454 2203 libros
483 2168 635 2203 contuli.
694 2168 825 2203 Fiebat
853 2174 978 2203 autem
1006 2167 1068 2208 ita,
1090 2174 1143 2209 ut,
1165 2179 1282 2214 quum

104 2220 148 2264 is,
177 2220 241 2268 qui
266 2221 391 2257 audire
419 2220 544 2264 vellet,
573 2221 739 2265 dixisset,
761 2222 850 2269 quid
878 2221 947 2256 sibi
978 2221 1171 2263 videretur,
1203 2228 1283 2255 turn

106 2286 174 2322 ego
201 2275 518 2310 contradicerem.
578 2274 675 2310 Haec
704 2282 759 2310 est
786 2275 896 2317 enim,
927 2282 969 2309 ut
998 2274 1080 2317 scis,
1111 2281 1218 2308 vetus
1248 2279 1284 2308 et

107 2326 293 2363 Socratica
324 2328 417 2363 ratio
451 2334 577 2364 contra
613 2329 764 2364 alterius
803 2327 1018 2374 opinionem
1053 2326 1280 2369 disserendi3

106 2391 192 2416 nam
220 2380 271 2416 ita
298 2381 484 2426 facillime,
514 2381 604 2429 quid
633 2381 710 2417 veri
729 2381 961 2417 simillimum
988 2387 1096 2424 esset,
1126 2379 1284 2415 inveniri

664 2447 686 2471 B
708 2437 729 2470 2
