1471 2585
113 119 304 171 26—28.]
507 133 608 157 BOOK
629 133 667 157 v.
696 133 814 159 anP.
836 124 872 165 9,
897 124 957 158 10.
1218 125 1293 163 127

114 228 262 273 dicenti,
292 241 367 264 non
394 240 522 264 omnes
550 228 670 264 bonos
699 240 777 264 esse
806 228 948 271 beatos,
969 240 1086 276 quum
1106 228 1144 264 in
1165 241 1293 265 omnes

60 291 64 293 “
115 283 232 318 bonos
263 295 316 324 ea,
344 294 428 329 quae
458 281 521 316 ille
547 281 585 317 in
616 280 724 317 malis
752 288 935 324 numerat,
966 282 1093 317 cadere
1120 283 1291 330 possint?

114 335 286 371 Vexatur
303 334 399 370 idem
421 334 698 382 Theophrastus
717 340 753 369 et
772 334 875 370 libris
901 342 938 370 et
963 335 1098 370 scholis
1126 335 1295 371 omnium

114 387 430 437 philosophorum,
459 388 559 436 quod
586 387 625 423 in
651 387 878 424 Callisthene
911 401 978 424 suo
1007 388 1166 424 laudarit
1193 388 1295 424 illam

116 442 335 477 sententiam
353 454 361 477 :

370 516 480 548 Vitam
495 517 580 558 regit
594 517 736 556 fortuna,
750 527 814 547 non
831 517 997 557 sapientia.

116 603 264 652 Negant
283 603 328 639 ab
343 604 420 639 ullo
436 603 656 652 philosopho
673 604 870 652 quicquam
888 605 1027 640 dictum
1049 617 1129 640 esse
1149 605 1296 653 langui-

116 656 214 693 dius.
271 657 388 693 Recte
418 657 456 693 id
487 658 661 705 quidem3
707 657 771 693 sed
804 658 895 693 nihil
929 658 1097 706 intelligo
1129 658 1199 693 dici
1228 671 1297 706 po-

117 710 231 745 tuisse
251 711 496 747 constantius.
555 711 595 746 Si
621 710 719 746 enim
745 718 801 747 tot
829 717 916 746 sunt
940 711 978 746 in
1008 724 1158 759 corpore
1187 712 1296 755 bona,

117 769 172 799 tot
191 770 298 800 extra
317 777 448 812 corpus
468 763 504 799 in
526 776 613 800 casu
633 771 745 811 atque
760 764 930 801 fortuna:
961 777 1084 800 nonne
1101 771 1298 800 consenta-

116 828 230 852 neum
267 823 334 861 est,
373 817 457 865 plus
494 817 692 860 fortunam,
728 829 813 864 quae
852 817 1003 853 domina
1035 830 1156 853 rerum
1187 817 1233 853 sit
1262 825 1299 853 et

117 876 355 906 externarum
375 877 412 906 et
430 870 476 906 ad
503 883 636 918 corpus
663 870 941 919 pertinentium,
960 883 1072 918 quam
1099 871 1297 906 consilium

116 922 238 959 valere
253 924 266 960 ἲ

169 976 231 1012 An
259 977 444 1012 malumus
464 977 669 1025 Epicurum
689 976 854 1013 imitari?
885 977 949 1024 qui
974 977 1094 1012 multa
1121 977 1296 1025 praeclare

118 1041 218 1077 saepe
239 1030 350 1073 dicit;
382 1043 492 1077 quam
513 1030 610 1065 enim
633 1030 701 1065 sibi
722 1037 933 1066 constanter
961 1030 1297 1078 convenienterque

117 1082 226 1126 dicat,
248 1095 321 1118 non
342 1082 498 1118 laborat.
546 1083 694 1118 Laudat
715 1089 863 1118 tenuem
884 1083 1038 1119 victum.
1079 1083 1298 1131 Philosophi

115 1135 154 1171 id
174 1135 349 1183 quidem;
383 1136 445 1171 sed
467 1136 496 1171 si
517 1137 685 1171 Socrates
706 1143 771 1171 aut
790 1136 1033 1171 Antisthenes
1053 1137 1200 1178 diceret,
1223 1149 1297 1172 non

115 1188 159 1232 is,
184 1189 249 1237 qui
272 1189 385 1224 finem
413 1189 596 1224 bonorum
624 1189 852 1236 voluptatem
874 1201 952 1224 esse
970 1189 1118 1225 dixerit.
1176 1189 1300 1237 Negat

118 1254 346 1290 quemquam
376 1242 541 1290 jucunde
574 1254 683 1290 posse
718 1242 852 1286 vivere,
890 1242 962 1277 nisi
999 1242 1096 1277 idern
1131 1242 1297 1285 honeste,

118 1295 301 1343 sapienter
320 1294 497 1343 justeque
522 1295 634 1331 vivat.
692 1295 796 1330 Nihil
825 1295 986 1343 gravius,
1016 1295 1109 1330 nihil
1138 1295 1300 1343 philoso-

118 1347 205 1396 phia
233 1348 394 1396 dignius,
424 1348 495 1384 nisi
524 1348 621 1384 idem
651 1348 721 1384 hoc
748 1348 873 1396 ipsum
904 1349 1070 1391 honeste,
1103 1348 1299 1396 sapienter,

114 1401 216 1449 juste
244 1402 290 1437 ad
309 1402 537 1449 voluptatem
564 1401 726 1437 referret.
785 1401 886 1440 Quid
913 1401 1060 1445 melius,
1080 1414 1205 1449 quam,
1226 1401 1299 1437 for-

121 1461 249 1490 tunam
270 1455 444 1503 exiguam
464 1454 685 1490 intervenire
710 1454 893 1503 sapienti?
926 1455 990 1490 sed
1010 1455 1079 1490 hoc
1098 1456 1176 1490 isne
1197 1454 1298 1498 dicit,

120 1507 198 1555 qui,
225 1520 341 1556 quum
375 1508 539 1544 dolorem
572 1520 647 1543 non
676 1509 786 1543 modo
817 1508 1023 1543 maximum
1056 1508 1208 1550 malum,
1236 1509 1300 1543 sed

121 1560 241 1596 solum
262 1561 399 1597 malum
421 1561 532 1596 etiam
553 1560 701 1605 dixerit,
723 1567 800 1597 toto
820 1574 968 1609 corpore
998 1561 1157 1609 opprimi
1183 1561 1300 1608 possit

120 1613 312 1649 doloribus
330 1614 514 1650 acerrimis
535 1622 626 1657 tum,
647 1626 762 1661 quum
784 1614 946 1649 maxime
966 1621 1094 1649 contra
1113 1614 1297 1649 fortunam

120 1666 326 1715 glorietur?
385 1667 498 1705 Quod
522 1667 619 1703 idem
639 1667 854 1702 melioribus
874 1667 984 1702 etiam
1006 1666 1126 1702 verbis
1156 1666 1297 1702 Metro-
1317 1671 1356 1702 27

121 1720 255 1756 dorus:
290 1720 477 1768 Oceupavi
496 1725 541 1763 te,
565 1720 699 1767 inquit,
719 1721 887 1768 fortuna,
914 1726 1021 1767 atque
1048 1721 1140 1768 cepi,
1162 1732 1298 1755 omnes-

122 1785 189 1821 que
209 1773 330 1809 aditus
350 1779 425 1809 tuos
445 1772 645 1814 interclusi,
667 1778 703 1808 ut
722 1773 772 1808 ad
789 1785 842 1808 me
862 1773 1057 1820 adspirare
1078 1785 1145 1808 non
1159 1785 1297 1820 posses.

122 1826 317 1870 Praeclare,
349 1826 380 1861 si
399 1827 524 1862 Aristo
545 1826 662 1861 Chius
695 1832 759 1861 aut
789 1825 819 1860 si
848 1826 996 1861 Stoicus
1020 1825 1121 1861 Zeno
1150 1826 1298 1869 diceret,

122 1879 199 1926 qui,
229 1879 303 1914 nisi
321 1880 421 1926 quod
450 1887 556 1925 turpe
585 1884 693 1921 esset,
725 1878 817 1913 nihil
846 1879 986 1915 malum
1018 1879 1180 1914 duceret.
1238 1879 1299 1914 Tu

122 1945 220 1976 vero,
243 1932 467 1974 Metrodore,
488 1932 551 1979 qui
572 1944 680 1967 omne
699 1931 839 1967 bonum
857 1932 896 1967 in
922 1932 1124 1968 visceribus
1152 1931 1298 1967 medul-

122 1984 244 2033 lisque
273 1985 478 2020 condideris
509 1993 545 2020 et
575 1984 773 2027 definieris,
805 1997 991 2020 summum
1025 1985 1164 2021 bonum
1194 1985 1301 2020 firma

123 2038 284 2086 corporis
313 2038 505 2073 affectione
535 2037 800 2085 explorataque
827 2050 891 2086 spe
917 2037 1109 2082 contineri,
1139 2038 1299 2073 fortunae

123 2091 244 2127 aditus
265 2090 531 2128 interclusisti?
590 2091 674 2129 Quo
693 2091 832 2126 modo?
891 2091 969 2127 Isto
990 2091 1087 2126 enim
1107 2090 1206 2126 bono
1220 2090 1300 2138 jam

123 2144 323 2192 exspoliari
342 2151 459 2192 potes,

178 2196 227 2233 X.
258 2198 376 2245 Atqui
396 2197 452 2232 his
473 2196 668 2244 capiuntur
685 2197 845 2245 imperiti
865 2203 901 2233 et
920 2202 1066 2244 propter
1085 2195 1301 2244 hujusmodi
1319 2204 1358 2233 28

125 2250 326 2286 sententias
341 2251 496 2286 istorum
513 2249 702 2286 hominum
719 2257 775 2286 est
789 2250 1004 2285 multitudo.
1034 2250 1156 2284 Acute
1175 2256 1301 2284 autem

125 2303 348 2351 disputantis
376 2303 471 2338 illud
500 2309 568 2346 est,
596 2315 670 2338 non
691 2304 782 2351 quid
805 2303 963 2350 quisque
991 2302 1098 2345 dieat,
1129 2303 1193 2338 sed
1212 2301 1303 2349 quid

127 2356 260 2404 cuique
278 2356 478 2392 dicendum
498 2356 556 2400 sit,
574 2355 710 2393 videre.
753 2356 870 2393 Velut
889 2355 928 2390 in
948 2367 990 2390 ea
1008 2355 1088 2403 ipsa
1107 2354 1301 2397 sententia,
