1471 2585
255 99 304 134 38
570 106 772 131 ruchLAn
802 105 1099 131 DISPUTATIONS.
1185 89 1426 141 [111—113.

256 203 396 241 tardius
414 203 509 239 fama
525 202 667 238 deseret
683 200 850 244 Curium,
869 199 1091 243 Fabricium,
1113 198 1336 244 Calatinum,
1356 200 1430 237 duo

259 257 462 305 Scipiones,
484 256 557 292 duo
578 254 786 297 Africanos,
807 253 1033 297 Maximum,
1059 252 1289 296 Marcellum,
1316 253 1431 290 Paul-

257 311 350 354 lum,
382 310 574 352 Catonem‚
605 307 779 351 Laelium,
807 306 1096 343 innumerabiles
1125 306 1239 350 a1i0s3
1273 318 1432 354 quorum

259 363 541 400 similitudinem
561 361 722 409 aliquam
741 360 806 407 qui
824 359 1030 408 arripuerit,
1051 371 1123 395 non
1141 372 1221 395 eam
1241 359 1339 396 fama
1364 371 1431 408 po-

258 416 391 465 pulari,
413 416 477 451 sed
497 427 582 451 vera
595 415 778 450 bonorum
797 413 906 449 laude
924 413 1081 449 metiens
1098 412 1227 449 fidenti
1246 412 1382 456 animo,
1402 413 1433 449 si

259 471 311 506 ita
329 482 386 504 res
405 469 507 513 feret,
527 467 713 516 gradietur
731 467 777 502 ad
802 473 970 509 mortem,
990 466 1028 501 in
1054 478 1129 514 qua
1155 472 1219 502 aut
1244 478 1433 502 summum

258 523 400 559 bonum
419 529 485 557 aut
504 521 648 557 nullum
668 520 809 556 malum
834 532 913 555 esse
940 519 1195 567 eognovimus.
1251 518 1433 555 Secundis

260 588 347 611 vero
367 575 444 611 suis
464 575 573 610 rebus
586 573 686 609 volet
702 573 812 609 etiam
826 573 939 609 mori:
965 584 1041 608 non
1058 572 1155 608 enim
1170 578 1244 608 tam
1261 572 1434 609 cumulus

261 630 440 665 bonorum
463 627 654 676 jucundus
679 639 758 662 esse
786 632 920 673 potest,
940 638 1051 673 quam
1076 625 1231 662 molesta
1256 625 1432 662 decessio.

185 691 241 720 111
264 682 373 718 Hanc
404 681 622 717 sententiam
652 679 857 727 significare
893 679 1036 715 videtur
1066 678 1225 715 Laconis
1253 678 1317 715 illa
1343 691 1432 722 vox,

262 735 340 783 qui,
361 747 477 782 quum
494 733 666 769 Rhodius
680 733 874 781 DiagoraS‚
890 732 1171 779 Olympionices
1190 731 1336 774 nobilis,
1357 743 1434 768 uno

261 788 320 824 die
341 788 415 823 duo
435 800 521 823 suos
541 787 637 822 filios
658 785 813 822 victores
827 785 1016 834 Olympiae
1031 786 1194 828 vidisset,
1215 784 1369 821 accessit
1387 785 1436 821 ad

261 853 388 876 senem
407 849 444 876 et
462 840 690 888 gratulatus:
718 838 882 882 Morere,
902 838 1080 885 Diayora,
1093 838 1237 886 inquit3
1260 850 1328 874 non
1343 839 1436 874 enim

262 896 300 930 in
317 894 447 930 caelum
461 893 702 929 adscensurus
717 905 766 928 eS.
798 891 939 940 Magna
953 892 1034 927 haec
1052 899 1089 928 et
1107 891 1263 927 nimium
1282 891 1435 928 fortasse

263 947 387 983 Graeci
406 953 540 994 putant
559 946 619 982 vel
642 952 721 981 turn
747 945 869 993 potius
899 946 1106 993 putabant;
1138 944 1256 993 isque,
1276 944 1341 992 qui
1365 943 1435 980 hoc

261 999 437 1048 Diagorae
467 999 576 1043 dixit,
605 1010 847 1047 permagnum
876 998 1107 1042 existimans,
1137 1005 1209 1034 tres
1239 997 1435 1046 Olympio-

262 1053 363 1089 nicas
386 1065 461 1088 una
486 1065 505 1088 e
524 1053 634 1088 domo
653 1051 809 1100 prodire,
829 1051 991 1087 cunctari
1009 1051 1116 1087 illum
1136 1051 1277 1087 diutius
1302 1050 1342 1086 in
1360 1051 1437 1088 vita

261 1107 422 1142 fortunae
442 1106 629 1154 objectum
648 1104 778 1140 inutile
797 1104 952 1152 putabat
969 1104 1052 1152 ipsi.

317 1159 399 1208 Ego
414 1166 539 1195 autem
556 1158 623 1194 tibi
638 1158 801 1205 quidem,
819 1157 919 1204 quod
933 1158 1021 1193 satis
1037 1163 1145 1201 esset,
1161 1157 1287 1205 paucis
1302 1156 1435 1202 verbis,

262 1219 305 1249 ut
323 1212 414 1248 mihi
434 1212 597 1255 videbar,
613 1211 885 1258 responderam.
939 1211 1183 1247 Concesseras
1201 1210 1312 1253 enim,
1333 1210 1436 1247 nullo

264 1265 301 1301 in
320 1265 419 1301 malo
439 1271 604 1300 mortuos
619 1277 722 1308 esse3
754 1264 818 1299 sed
836 1264 883 1299 ob
903 1276 984 1299 eam
1003 1276 1170 1299 caussam
1191 1263 1376 1307 contendi,
1395 1270 1439 1300 ut

265 1319 372 1366 plura
390 1318 561 1361 dicerem,
583 1317 682 1365 quod
700 1317 737 1352 in
757 1316 936 1352 desiderio
956 1323 993 1352 et
1011 1317 1114 1352 luctu
1131 1315 1211 1352 haec
1230 1323 1286 1352 est
1303 1328 1437 1353 conso-

264 1371 355 1407 latio
374 1370 553 1406 maxima.
611 1371 790 1406 Nostrum
810 1369 908 1404 enirn
935 1376 972 1405 et
997 1377 1122 1405 nostra
1140 1381 1270 1405 caussa
1288 1381 1438 1418 suscep-

265 1431 346 1460 tum
376 1424 540 1460 dolorem
574 1423 716 1459 modice
745 1422 836 1458 ferre
865 1423 1054 1465 debemuS,
1089 1434 1134 1457 ne
1164 1429 1310 1458 nosmet
1338 1422 1440 1471 ipsos

265 1489 387 1513 amare
403 1477 606 1512 videamur.
645 1475 718 1511 Illa
732 1475 891 1523 suspicio
907 1475 1129 1511 intolerabili
1144 1475 1269 1512 dolore
1289 1476 1438 1519 cruciat,

266 1530 297 1566 si
316 1530 511 1578 opinamur
531 1542 605 1573 eos,
626 1529 762 1576 quibus
785 1528 904 1564 orbati
926 1541 1066 1570 sumus,
1093 1540 1172 1564 esse
1200 1541 1284 1564 cum
1313 1529 1438 1578 aliquo

267 1596 379 1619 sensu
401 1584 438 1619 in
468 1583 511 1618 iis
530 1582 648 1624 malis,
668 1582 804 1629 quibus
823 1582 936 1629 vulgo
964 1583 1174 1630 opinantur.
1234 1582 1343 1619 Hanc
1370 1595 1440 1618 ex-

266 1642 389 1672 cutere
422 1636 634 1684 opinionem
669 1635 839 1671 mihimet
875 1635 977 1671 volui
1009 1635 1197 1678 radicitus,
1230 1647 1349 1683 eoque
1385 1635 1440 1671 fui

263 1689 417 1726 fortasse
435 1689 592 1737 longior.

191 1753 248 1782 112
318 1742 488 1779 XLVII.
523 1743 572 1778 A.
603 1741 663 1778 Tu
693 1740 861 1789 longior?
901 1753 975 1777 non
1002 1740 1092 1776 mihi
1120 1740 1283 1788 quidem.
1335 1741 1441 1778 Prior

267 1796 365 1832 enim
399 1808 482 1844 pars
515 1794 689 1831 orationis
724 1801 799 1830 tuae
834 1794 1001 1837 faciebat,
1034 1801 1076 1829 ut
1113 1794 1205 1830 mori
1238 1806 1410 1842 cuperem
1428 1808 1437 1839 3

267 1849 457 1896 posterior,
484 1855 527 1884 ut
558 1849 667 1884 modo
692 1860 768 1883 non
796 1847 945 1890 nollem,
974 1847 1083 1883 modo
1111 1858 1185 1883 non
1210 1847 1437 1892 laborarem

267 1902 368 1937 omni
381 1909 506 1937 autem
523 1901 686 1937 oratione
699 1900 794 1936 illud
809 1907 905 1937 certe
919 1900 1120 1949 perfectum
1141 1907 1208 1944 est,
1225 1907 1268 1936 ut
1283 1907 1440 1938 mortem

266 1967 341 1991 non
361 1955 530 1990 ducerem
552 1954 590 1989 in
608 1954 727 1990 malis.

320 2007 380 2044 M.
410 2007 513 2044 Num
542 2006 655 2054 igitur
684 2007 795 2052 etiam
826 2006 1015 2043 rhetorum
1041 2006 1229 2054 epilogum
1253 2006 1439 2043 desidera·

267 2060 378 2096 mus?
409 2073 453 2096 an
474 2060 568 2096 hanc
588 2059 666 2107 jam
693 2066 808 2096 artem
836 2060 946 2107 plane
972 2058 1242 2107 relinquimus?
1297 2058 1348 2096 A.
1379 2060 1439 2096 Tu

268 2126 354 2149 vero
374 2114 481 2150 istam
500 2125 545 2149 ne
565 2113 767 2160 reliqueris,
788 2125 897 2161 quam
915 2125 1058 2161 semper
1072 2112 1220 2155 ornasti,
1237 2118 1275 2148 et
1289 2112 1439 2159 quidem

263 2166 369 2214 jure;
402 2167 467 2202 illa
485 2166 583 2202 enim
603 2173 649 2209 te,
677 2178 805 2202 verum
835 2166 864 2201 si
891 2166 994 2214 loqui
1019 2165 1202 2208 volumus,
1230 2173 1436 2202 ornaverat.

269 2219 343 2254 Sed
363 2220 513 2267 quinam
541 2226 597 2255 est
619 2219 688 2254 iste
714 2219 912 2267 epilogus?
943 2231 1033 2255 aveo
1052 2218 1150 2254 enirn
1175 2218 1312 2262 audire,
1333 2218 1438 2267 quic-

192 2286 249 2316 113
268 2272 359 2320 quid
387 2279 454 2308 est.
511 2271 572 2308 M.
603 2272 769 2308 Deorum
797 2272 1060 2309 immortalium
1085 2271 1225 2320 judicia
1254 2271 1374 2308 solent
1400 2272 1439 2308 in

269 2325 403 2361 scholis
423 2325 582 2373 proferre
601 2325 646 2361 de
672 2331 800 2368 morte,
826 2337 893 2361 nec
922 2338 1004 2361 vero
1032 2337 1075 2361 ea
1098 2324 1234 2372 fingere
1262 2324 1345 2372 ipsi,
1375 2325 1439 2361 sed

270 2378 462 2415 Herodoto
492 2385 640 2415 auctore
674 2377 830 2426 aliisque
862 2378 1043 2426 pluribus.
1114 2377 1283 2414 Primum
1311 2377 1438 2427 Argiae
