1471 2585
183 72 258 108 142
501 82 705 108 TUSCULAN
735 83 1033 108 DISPUTATIONS.
1171 67 1359 120 [77—80.

178 177 344 213 maxime
371 177 567 213 sententiae
587 183 789 225 repugnat;
821 189 906 213 nam
936 182 1062 213 contra
1088 183 1243 213 mortem
1271 189 1361 214 nos-

179 238 273 266 tram
293 237 405 278 atque
423 237 632 266 nostrorum
655 238 854 278 contraque
870 231 1128 278 aegritudinem
1144 237 1181 266 ct
1199 230 1360 279 reliquas

179 283 293 319 animi
331 283 624 331 perturbationes
661 283 748 319 satis
793 296 873 319 esse
919 284 1084 320 videmur
1126 283 1360 331 superiorum

180 337 322 372 dierum
359 336 673 384 disputationibus
710 337 839 372 armati
877 343 914 372 et
949 338 1064 384 parati
1083 351 1091 381 ;
1138 337 1244 372 dolor
1279 349 1360 373 esse

180 390 328 425 videtur
353 390 551 425 acerrimus
578 390 708 425 virtuti
737 389 981 432 adversarius,
1009 389 1040 426 is
1069 390 1238 426 ardentes
1262 390 1360 426 faces

179 442 352 485 intentat,
382 443 411 478 is
440 443 708 486 fortitudinem,
737 443 1032 490 magnitudinem
1059 443 1184 486 animi,
1214 444 1359 490 patien-

122 502 140 534 7
146 502 161 534 7
183 495 269 531 tiam
299 508 337 531 se
363 496 640 532 debilitaturum
667 496 853 540 minatur3
891 496 979 532 huic
1004 496 1116 543 igitur
1142 497 1360 532 succumbet

182 549 312 593 virtus,
334 549 418 584 huie
436 549 545 585 beata
570 549 746 596 sapientis
772 557 808 584 et
828 550 1030 585 constantis
1049 549 1118 585 viri
1138 549 1214 584 vita
1238 550 1357 586 cedet.

182 602 306 640 Quam
326 603 455 650 turpe!
492 615 513 638 o
537 602 587 638 dii
614 602 722 638 boni!
781 602 892 637 Pueri
921 602 1118 650 Spartiatae
1147 615 1221 638 non
1252 603 1358 651 inge-

179 655 344 691 miscunt
360 656 554 691 verberum
575 655 699 691 dolore
720 655 860 690 laniati.
905 656 1207 692 Adolescentium
1228 668 1358 704 greges

180 707 450 744 Lacedaemone
480 708 643 744 vidimus
673 708 744 756 ipsi
776 708 983 744 incredibili
1015 709 1250 744 contentione
1280 721 1357 745 cer-

179 767 300 797 tantes
320 761 467 810 pugnis,
489 761 662 805 calcibus,
679 761 883 810 unguibus,
903 775 1029 798 morsu
1049 762 1219 809 deinque,
1241 774 1358 808 quum

179 813 480 850 exanimarentur
502 815 615 862 priuS,
637 827 748 862 quarn
776 814 892 850 victos
919 828 957 851 se
985 815 1200 851 faterentur.
1257 815 1357 854 Quae

177 867 345 904 barbaria
365 867 475 903 India
495 868 631 903 vastior
650 875 715 903 aut
733 868 936 914 agrestior?
978 868 1024 904 In
1043 880 1087 904 ea
1105 877 1228 904 tamen
1248 875 1359 916 gente

178 920 336 968 primum
358 921 402 962 ei,
424 921 488 968 qui
512 921 696 968 sapientes
723 921 918 965 habentur,
946 921 1038 957 nudi
1063 927 1212 957 aetatcm
1242 929 1361 969 agunt

178 979 216 1009 et
236 973 392 1010 Caucasi
411 974 515 1010 nives
535 974 806 1022 hiemalemque
827 974 900 1009 vim
924 975 1111 1022 perferunt
1126 974 1204 1010 sine
1219 974 1358 1018 dolore,

179 1039 372 1074 quumque
407 1028 453 1062 ad
482 1027 668 1063 flammam
703 1040 740 1062 se
777 1027 1071 1075 applicaverunt,
1107 1028 1184 1063 sine
1217 1027 1359 1075 gemitu

122 1085 160 1118 78
178 1080 397 1116 aduruntur.
457 1080 635 1116 Mulieres
668 1093 752 1115 vero
787 1080 823 1116 in
864 1080 983 1124 India,
1014 1092 1130 1128 quum
1164 1087 1221 1116 est
1252 1080 1359 1129 cujus

178 1145 303 1168 earum
334 1133 390 1168 vir
418 1141 599 1177 mortuus,
628 1134 666 1168 in
695 1140 880 1169 certamen
905 1133 1163 1181 judiciumque
1190 1134 1358 1177 veniunt,

178 1198 291 1234 quam
308 1186 510 1234 plurimum
524 1187 586 1222 ille
601 1186 776 1222 dilexerit
791 1187 932 1234 (plures
948 1188 1047 1223 enim
1067 1186 1224 1234 singulis
1240 1187 1361 1222 solent

178 1251 258 1274 esse
287 1238 459 1287 nuptae);
491 1252 576 1287 quae
603 1247 659 1276 est
685 1240 831 1283 victrix,
860 1252 904 1275 ea
931 1240 1022 1276 laeta
1048 1240 1358 1288 prosequentibus

178 1292 256 1327 suis
274 1304 349 1328 una
368 1305 451 1328 cum
471 1294 549 1328 viro
568 1293 606 1328 in
625 1305 754 1340 rogum
771 1292 996 1340 imponitur;
1027 1293 1093 1328 illa
1112 1293 1208 1328 victa
1227 1299 1359 1329 maesta

178 1345 346 1381 discedit.

232 1398 452 1446 Numquam
469 1406 640 1434 naturam
655 1410 734 1434 mos
753 1398 937 1442 vinceret;
964 1405 1020 1433 est
1035 1398 1132 1433 enirn
1152 1411 1195 1434 ea
1214 1411 1360 1447 semper

176 1450 338 1491 invicta:
370 1452 433 1487 sed
454 1464 520 1486 nos
540 1451 693 1494 umbris,
714 1451 867 1495 deliciis,
889 1452 976 1494 otio,
1003 1451 1195 1498 languore,
1217 1452 1359 1489 desidia

177 1504 343 1539 animum
363 1504 571 1547 infecimus,
589 1505 828 1552 opinionibus
849 1504 1019 1552 maloque
1038 1516 1139 1539 more
1155 1505 1358 1542 delenitum

178 1557 420 1593 mollivimus.
460 1558 727 1606 AEgyptiorum
742 1569 880 1593 morem
898 1558 981 1605 quis
996 1557 1166 1605 ignorat?
1198 1571 1358 1606 quorum

177 1609 334 1646 imbutae
354 1616 496 1646 mentes
512 1611 704 1658 pravitatis
720 1611 902 1646 erroribus
919 1610 1090 1659 quamvis
1109 1611 1358 1647 carnificinam

177 1663 279 1710 prius
309 1664 500 1707 subierint,
522 1676 634 1712 quam
661 1663 750 1699 ibim
780 1671 845 1699 aut
873 1664 1038 1711 aspidem
1067 1671 1132 1699 aut
1155 1664 1263 1700 felem
1292 1671 1359 1700 aut

178 1728 304 1752 canem
328 1724 394 1752 aut
419 1717 644 1752 crocodilum
672 1717 823 1758 violent,
845 1729 1001 1765 quorum
1023 1717 1131 1752 etiam
1160 1718 1190 1752 si
1216 1718 1357 1765 impru-

120 1775 159 1808 79
178 1769 308 1805 dentes
329 1770 519 1817 quidpiam
539 1770 702 1815 fecerint,
724 1782 872 1818 poenam
901 1770 1041 1805 nullam
1062 1777 1245 1806 recusent.
1299 1770 1358 1807 De

177 1821 391 1858 hominibus
408 1823 554 1870 loquor.
591 1823 692 1862 Quid
710 1823 866 1859 bestiae?
888 1835 962 1859 non
978 1823 1105 1871 frigus,
1119 1835 1193 1858 non
1210 1824 1356 1867 famem,

177 1887 252 1910 non
279 1876 513 1923 montivagos
539 1882 650 1924 atque
679 1876 866 1912 silvestres
892 1887 1021 1912 cursus
1047 1876 1357 1924 lustrationesque

177 1927 399 1974 patiuntur?
436 1941 510 1964 non
541 1941 606 1976 pro
627 1941 695 1965 suo
719 1937 825 1977 partu
852 1930 903 1965 ita
931 1936 1180 1977 propugnant,
1206 1936 1250 1965 ut
1273 1929 1356 1965 vul-

177 1993 265 2016 nera
285 1981 486 2029 excipiant,
504 1982 627 2017 nullos
644 1982 817 2029 impetus,
835 1982 958 2018 nullos
977 1982 1072 2018 ictus
1091 1981 1354 2018 reformident?

179 2033 336 2077 Omitto,
357 2047 443 2082 quae
472 2034 654 2082 perferant
673 2045 832 2083 quaeque
861 2035 1047 2083 patiantur
1074 2035 1260 2071 ambitiosi
1288 2035 1356 2071 ho-

178 2087 277 2122 noris
297 2100 438 2130 caussa,
459 2087 580 2123 laudis
599 2089 755 2124 studiosi
776 2089 905 2136 gloriae
925 2088 1052 2136 gratia,
1073 2100 1195 2123 amore
1215 2088 1355 2124 incensi

179 2140 404 2186 cupiditatis.
462 2140 579 2176 Plena
599 2141 674 2176 vita
693 2142 949 2189 exemplorum
970 2148 1038 2176 est.

119 2200 160 2229 80
223 2192 419 2229 XXVIII.
450 2194 524 2229 Sed
544 2194 716 2229 adhibeat
741 2195 857 2230 oratio
884 2195 1034 2230 modum
1055 2201 1093 2230 et
1111 2194 1236 2229 redeat
1253 2193 1353 2237 illuc,

178 2245 278 2280 unde
306 2246 472 2283 deflexit.
530 2246 656 2289 Dabit,
690 2247 804 2291 dabit,
837 2248 1002 2295 inquam,
1034 2259 1072 2282 se
1103 2247 1141 2282 in
1173 2253 1356 2282 tormenta

179 2297 255 2332 vita
285 2298 403 2340 beata,
434 2312 513 2342 nec,
543 2300 741 2348 justitiam,
771 2300 1050 2348 temperantiam
1084 2300 1119 2335 in
1152 2299 1355 2347 primisque

178 2349 445 2396 fortitudinem,
463 2353 755 2400 magnitudinem
771 2354 896 2398 animi,
914 2353 1126 2401 patientiam
1149 2359 1353 2401 prosecuta,
