1471 2585
190 93 264 128 140
506 99 710 126 TUSCULAN
741 98 1036 124 DlsPU'rA'rloNS.
1177 84 1366 136 [70—73.

186 198 258 234 bus
279 196 445 233 cavernis
464 195 580 231 maria
599 193 873 237 sustineantur3
906 205 981 240 qua
999 193 1124 229 omnia
1142 193 1266 230 delata
1284 206 1367 242 gra-

188 251 303 287 vitate
332 250 495 285 medium
526 247 657 283 mundi
684 247 807 283 locum
836 258 980 294 semper
1007 253 1199 295 expetant,
1220 246 1284 294 qui
1312 253 1369 283 est

189 304 286 340 idem
306 303 459 338 infimus
475 302 512 337 in
532 300 706 336 rotundo.

131 362 172 395 70
242 356 369 392 XXV.
405 356 499 391 Haec
515 353 687 390 tractanti
705 353 827 389 animo
843 359 881 388 et
897 357 1023 388 noctes
1043 358 1080 388 et
1093 352 1172 389 dies
1191 352 1368 400 cogitanti

189 410 337 446 exsistit
355 409 420 444 illa
439 421 460 444 a
479 409 547 444 deo
568 406 725 454 Delphis
754 413 940 453 praecepta
960 406 1133 454 cognitio,
1155 414 1196 441 ut
1220 406 1301 454 ipsa
1329 417 1367 442 se

188 475 293 498 mens
330 467 506 510 agnoscat
539 460 850 508 conjunctamque
887 470 972 494 cum
1006 459 1134 494 divina
1168 465 1292 494 mente
1329 471 1367 495 se

189 517 336 559 sentiat,
372 527 419 550 ex
455 527 530 562 quo
566 513 766 549 insatiabili
799 512 935 560 gaudio
972 512 1212 560 compleatur.
1279 512 1368 560 Ipsa

189 569 287 604 enim
307 568 480 616 cogitatio
500 568 545 603 de
565 567 602 602 vi
621 574 658 601 et
677 574 809 601 natura
832 565 984 600 deorum
1013 564 1176 600 studium
1203 564 1368 600 incendit

188 621 290 657 illius
321 620 540 657 aeternitatis
572 619 743 655 imitandi
777 630 899 666 neque
932 630 970 653 se
1002 617 1039 653 in
1069 618 1247 654 brevitate
1280 618 1366 654 vitae

190 675 409 710 collocatam
442 681 560 722 putat,
591 685 707 720 quum
741 684 862 707 rerum
895 683 1043 707 caussas
1077 671 1166 706 alias
1203 682 1251 706 ex
1284 671 1366 706 aliis

189 734 295 775 aptas
315 734 352 763 et
370 727 587 763 necessitate
608 737 724 761 nexas
745 724 856 768 videt,
877 724 1014 772 quibus
1039 724 1085 760 ab
1112 730 1252 760 aeterno
1271 730 1365 759 tem-

190 793 277 828 pore
296 780 499 816 fiuentibus
519 779 557 815 in
577 786 759 814 aeternum
779 777 870 813 ratio
892 785 1012 813 tamen
1034 789 1214 825 mensque
1239 777 1366 813 mode-

133 841 171 874 71
191 840 303 870 ratur.
373 833 468 869 Haec
498 833 560 868 ille
590 833 739 867 intuens
771 837 884 879 atque
914 830 1118 878 suspiciens
1153 830 1210 865 vel
1245 830 1368 878 potius

191 899 319 923 omnes
334 894 456 934 partes
471 898 626 933 orasque
643 884 940 932 circumspiciens
956 890 1096 931 quanta
1110 895 1235 919 rursus
1255 883 1368 919 animi

191 940 457 989 tranquillitate
478 940 639 974 humana
659 944 695 973 et
714 938 879 973 citeriora
898 936 1126 973 considerat!
1187 936 1285 972 Hinc
1305 935 1369 972 illa

191 994 353 1042 cognitio
380 993 529 1029 virtutis
554 991 713 1034 exsistit,
744 989 984 1026 efflorescunt
1009 1001 1144 1038 genera
1172 996 1369 1037 partesque

190 1046 385 1089 virtutum,
414 1046 613 1089 invenitur,
635 1045 724 1092 quid
753 1044 812 1085 sit,
842 1044 942 1091 quod
970 1050 1102 1078 natura
1130 1048 1272 1090 spectet
1299 1054 1368 1078 ex-

190 1106 350 1135 tremum
369 1100 406 1135 in
429 1099 545 1141 bonis,
565 1098 655 1145 quid
681 1097 718 1132 in
747 1096 854 1132 malis
876 1096 1064 1138 ultimum,
1086 1108 1160 1143 quo
1179 1095 1370 1131 referenda

191 1153 265 1188 sint
284 1153 416 1196 officia,
437 1165 522 1199 quae
543 1151 722 1199 degendae
744 1149 864 1185 aetatis
890 1149 981 1185 ratio
1006 1148 1213 1197 deligenda.
1272 1148 1370 1188 Qui-

190 1206 261 1241 bus
280 1212 317 1241 et
335 1206 473 1241 talibus
500 1205 609 1240 rebus
635 1203 833 1251 exquisitis
854 1203 922 1238 hoc
942 1202 1000 1238 vel
1020 1202 1182 1238 maxime
1199 1201 1367 1245 efficitur,

191 1259 292 1306 quod
311 1258 379 1294 hac
398 1258 648 1306 disputatione
669 1256 826 1304 agimus,
846 1262 889 1291 ut
908 1255 1025 1291 virtus
1044 1255 1091 1290 ad
1112 1255 1216 1290 beate
1236 1254 1368 1291 viven-

134 1319 174 1351 72
192 1313 282 1348 dum
314 1312 363 1348 sit
393 1324 430 1347 se
463 1312 544 1359 ipsa
577 1316 760 1346 contenta.
824 1308 1000 1355 Sequitur
1032 1307 1150 1350 tertia,
1185 1319 1272 1354 quae
1306 1319 1370 1356 per

191 1377 321 1401 omnes
354 1372 475 1412 partes
508 1363 700 1411 sapientiae
734 1368 860 1397 manat
893 1368 930 1396 et
960 1360 1140 1403 funditur,
1173 1372 1260 1408 quae
1292 1373 1369 1396 rem

191 1418 333 1461 definit,
371 1429 505 1465 genera
539 1416 718 1463 dispertit,
764 1413 955 1461 sequentia
991 1413 1172 1462 adjungit,
1210 1413 1371 1461 perfecta

192 1470 393 1512 concludit,
414 1482 500 1505 vera
521 1476 556 1504 et
582 1469 672 1503 falsa
697 1467 888 1516 dijudicat,
909 1466 1111 1502 disserendi
1130 1466 1222 1502 ratio
1242 1474 1280 1502 et
1299 1466 1368 1502 sci-

193 1524 304 1559 entia.
340 1523 402 1559 Ex
419 1535 492 1570 qua
511 1534 629 1569 quum
648 1533 794 1556 summa
812 1520 954 1556 utilitas
974 1519 1122 1555 exsistit
1137 1520 1182 1554 ad
1201 1531 1257 1554 res
1275 1531 1369 1567 pon·

194 1577 386 1619 derandas,
408 1583 486 1611 turn
506 1575 668 1610 maxime
688 1574 850 1621 ingenua
869 1573 1063 1608 delectatio
1085 1578 1121 1609 et
1140 1572 1252 1620 digna
1270 1572 1369 1620 sapi-

194 1630 305 1665 entia.
353 1629 427 1665 Sed
448 1629 528 1664 haec
549 1627 626 1664 otii.
670 1627 850 1663 Transeat
863 1626 961 1662 idem
978 1626 1046 1661 iste
1064 1625 1208 1673 sapiens
1228 1625 1273 1660 ad
1292 1637 1369 1660 rem

194 1683 381 1730 publicam
411 1682 599 1717 tuendam.
658 1680 760 1719 Quid
788 1693 830 1715 eo
862 1679 978 1727 possit
1005 1691 1085 1714 esse
1117 1678 1368 1726 praestantius,

195 1748 312 1783 quum
333 1735 512 1772 contineri
532 1734 729 1782 prudentia
756 1732 955 1769 utilitatem
976 1731 1112 1767 civium
1134 1739 1268 1775 cernat,
1285 1731 1368 1779 jus-

195 1789 278 1825 titia
303 1789 395 1824 nihil
421 1788 458 1823 in
488 1800 591 1823 suam
613 1787 764 1822 domum
786 1786 871 1821 inde
891 1785 1042 1828 derivet,
1064 1784 1215 1832 reliquis
1245 1790 1371 1820 utatur

195 1848 251 1877 tot
269 1848 343 1877 tam
366 1841 549 1889 variisque
576 1840 778 1875 virtutibus
793 1844 806 1874 ’ί
864 1838 1040 1886 Adjunge
1062 1838 1222 1873 fructum
1243 1837 1370 1873 amici-

196 1894 342 1938 tiarum,
364 1894 401 1929 in
418 1907 492 1941 quo
513 1894 630 1929 doctis
651 1893 812 1941 positum
829 1899 885 1927 est
900 1904 1016 1938 quum
1032 1891 1229 1927 consilium
1249 1889 1370 1926 omnis

196 1947 285 1984 vitae
304 1947 538 1983 consentiens
554 1955 589 1982 et
609 1959 715 1994 paene
732 1945 959 1992 conspirans,
976 1951 1055 1980 tum
1073 1956 1218 1980 summa
1231 1943 1370 1991 jucun-

196 2000 292 2036 ditas
311 2013 331 2036 e
351 2000 569 2048 quotidiano
590 1999 692 2035 cultu
712 2005 823 2047 atque
838 1998 951 2034 victu.
1000 1997 1102 2036 Quid
1121 1997 1202 2032 haec
1222 1997 1370 2032 tandem

197 2054 273 2090 vita
299 2054 492 2096 desiderat,
515 2065 588 2100 quo
617 2052 665 2087 sit
693 2050 858 2087 beatior?
899 2051 958 2087 cui
986 2051 1128 2086 refertae
1158 2055 1214 2086 tot
1238 2048 1370 2085 tantis·

196 2119 269 2154 que
303 2106 446 2154 gaudiis
484 2106 631 2141 fortuna
664 2105 744 2152 ipsa
780 2104 887 2140 cedat
921 2115 1071 2139 necesse
1099 2109 1167 2139 est.
1225 2102 1371 2140 Quodsi

196 2160 356 2207 gaudere
383 2159 519 2195 talibus
552 2158 657 2193 bonis
687 2157 813 2199 animi,
838 2157 873 2192 id
899 2164 955 2192 est
981 2155 1193 2197 virtutibus,
1219 2156 1369 2190 beatum

196 2218 264 2255 est,
285 2225 488 2260 omnesque
508 2211 690 2259 sapientes
710 2209 766 2245 his
786 2210 930 2257 gaudiis
950 2210 1212 2257 perfruuntur:
1241 2220 1370 2243 omnes

196 2277 259 2300 eos
279 2266 406 2301 beatos
427 2278 506 2301 esse
527 2263 706 2307 confiteri,
727 2275 876 2298 necesse
896 2269 963 2299 est.

138 2326 177 2359 73
250 2317 398 2354 XXVI.
440 2318 491 2354 A.
527 2318 699 2353 Etiamne
734 2316 769 2351 in
807 2316 971 2351 cruciatu
1003 2321 1113 2362 atque
1145 2314 1369 2350 tormentis?

195 2369 256 2407 M.
286 2371 348 2407 An
368 2378 409 2406 tu
435 2383 493 2406 me
512 2371 550 2406 in
567 2370 666 2406 viola
685 2369 842 2417 putabas
862 2375 927 2405 aut
944 2368 982 2404 in
1001 2380 1084 2404 rosa
1103 2367 1250 2403 dicere?
1308 2368 1370 2403 An
