1471 2585
218 111 266 146 16
534 119 739 145 TUSCULAN
769 118 1066 144 DISPUTATIONS.
1202 102 1393 154 [46-48.

216 215 320 252 terris
350 215 522 264 patritam
550 214 652 250 illam
684 219 721 250 et
751 213 888 250 avitam
921 211 982 261 (ut
1012 213 1064 249 ait
1095 212 1392 261 Theophrastus)

216 268 487 317 philosophiam
514 267 734 314 cognitionis
763 267 962 316 cupiditate
988 267 1176 303 incensam
1200 266 1391 302 excitavit.

217 323 413 370 Praecipue
442 334 529 357 vero
556 322 723 358 fruentur
748 333 801 364 ea,
829 320 895 369 qui
924 328 1002 356 tum
1030 320 1154 364 etiarn,
1183 331 1300 367 quum
1325 319 1394 355 has

218 383 330 412 terras
358 375 562 411 incolentes
587 374 800 411 circumfusi
829 379 932 410 erant
962 374 1129 422 caligine,
1161 379 1286 408 tamen
1315 372 1394 409 acie

217 429 352 465 mentis
371 429 548 477 dispicere
568 428 779 476 cupiebant.

270 482 360 519 XX.
392 483 541 518 Etenim
576 482 605 518 si
635 493 736 517 nunc
765 480 906 529 aliquid
930 480 1077 529 assequi
1106 491 1144 515 se
1164 485 1308 527 putant,
1328 479 1395 527 qui

217 537 353 572 ostium
376 536 489 572 Ponti
507 536 680 571 viderunt
698 541 736 570 et
761 546 821 570 eas
849 534 1050 582 angustiaS,
1072 546 1137 582 per
1164 545 1256 580 quas
1280 544 1395 580 pene-

216 589 328 625 travit
348 602 402 634 ea,
423 601 508 638 quae
528 594 584 625 est
602 588 793 624 nominata
810 587 924 636 Argo,
944 587 1031 635 quia
1050 587 1190 635 Argiva
1207 586 1246 622 in
1265 598 1374 630 ea,—

853 659 971 690 delecti
986 660 1048 689 viri

387 697 483 736 Vecti
497 705 650 745 petebant
664 703 781 744 pellem
796 703 978 734 inauratam
995 702 1106 733 arietis
1122 712 1131 741 ;

216 773 282 803 aut
299 767 337 812 ii,
359 767 424 816 qui
445 766 583 803 Oceani
601 766 692 802 freta
709 765 774 801 illa
792 764 976 808 viderunt,

387 843 552 883 Europam
569 842 770 882 Libyamque
786 851 888 882 rapax
904 841 960 872 ubi
976 840 1091 871 dividit
1105 840 1213 870 unda:

216 913 315 961 quod
350 913 499 948 tandem
527 912 777 960 spectaculum
808 910 884 946 fore
915 917 1102 959 putamuS,
1131 922 1247 959 quum
1278 916 1396 946 totam

216 973 350 1002 terram
381 965 547 1001 contueri
576 964 703 1001 licebit
732 965 889 1013 ejusque
923 976 1039 1011 quum
1073 963 1198 1007 situm,
1228 964 1394 1007 sormam,

217 1019 606 1067 circumscriptionem,
621 1025 700 1054 tum
721 1026 758 1054 et
776 1017 997 1053 habitabiles
1015 1017 1184 1065 regiones
1199 1023 1236 1053 et
1250 1029 1397 1053 rursum

217 1074 318 1109 omni
337 1072 438 1108 cultu
458 1070 605 1119 propter
624 1071 698 1107 vim
717 1071 860 1119 frigoris
880 1078 944 1106 aut
963 1070 1092 1106 caloris
1114 1070 1306 1106 vacantes!

159 1130 198 1160 46
270 1127 349 1163 Nos
375 1126 480 1162 enim·
503 1138 548 1160 ne
572 1137 671 1161 nunc
701 1125 851 1172 quidem
880 1124 998 1160 oculis
1029 1125 1213 1159 cernimus
1236 1136 1290 1167 ea,
1311 1136 1398 1172 quae

218 1180 400 1215 videmus.
458 1178 590 1225 Neque
611 1184 667 1214 est
685 1177 783 1213 enim
802 1178 905 1213 ullus
925 1189 1056 1212 sensus
1084 1177 1121 1212 in
1151 1189 1313 1225 corpore,
1333 1178 1398 1213 sed

215 1231 276 1282 (ut
295 1246 369 1269 non
388 1232 534 1281 physici
553 1231 673 1267 solum
700 1232 846 1276 docent,
868 1243 997 1266 verum
1027 1231 1136 1266 etiam
1166 1230 1311 1274 medici,
1332 1231 1397 1278 qui

215 1287 287 1322 ista
305 1292 432 1334 aperta
451 1292 487 1321 et
506 1284 688 1333 patefacta
702 1282 893 1332 viderunt)
910 1284 982 1320 viae
997 1284 1102 1331 quasi
1120 1283 1292 1331 quaedam
1309 1290 1397 1320 sunt

215 1340 261 1375 ad
291 1340 432 1382 oculos,
453 1339 499 1374 ad
528 1350 646 1380 aures,
667 1338 713 1373 ad
744 1349 850 1373 nares
879 1351 899 1373 a
931 1338 1016 1372 sede
1042 1337 1154 1372 animi
1185 1337 1394 1385 perforatae.

217 1393 350 1440 Itaque
370 1405 470 1440 saepe
490 1399 554 1427 aut
574 1391 793 1439 cogitatione
813 1397 878 1426 aut
897 1390 1022 1438 aliqua
1039 1390 1075 1425 vi
1091 1391 1208 1426 morbi
1227 1390 1396 1438 impediti

215 1446 352 1494 apertis
379 1452 491 1493 atque
520 1444 673 1493 integris
703 1451 740 1480 et
768 1444 884 1480 oculis
911 1450 948 1480 et
967 1444 1118 1479 auribus
1138 1456 1205 1479 nec
1226 1443 1396 1480 videmus

215 1511 283 1535 nec
302 1499 487 1542 audimus,
508 1505 551 1534 ut
571 1497 676 1533 facile
695 1497 854 1546 intelligi
875 1497 1001 1544 possit,
1022 1497 1185 1532 animum
1216 1503 1252 1532 et
1271 1496 1396 1533 videre

216 1559 253 1588 et
271 1553 409 1595 audire,
430 1564 505 1587 non
525 1564 586 1587 eas
604 1557 738 1599 partes,
752 1563 838 1598 quae
858 1550 965 1598 quasi
986 1551 1156 1586 fenestrae
1171 1550 1245 1586 sint
1256 1550 1393 1595 animi;

216 1607 352 1654 quibus
386 1613 507 1641 tamen
539 1605 672 1640 sentire
705 1604 797 1640 nihil
829 1611 943 1652 queat
961 1616 1077 1645 menS,
1104 1603 1174 1639 nisi
1201 1604 1238 1639 id
1257 1610 1342 1652 agat
1360 1610 1398 1640 et

216 1660 324 1695 adsit.
383 1658 512 1698 Quid?
533 1659 631 1706 quod
649 1658 774 1694 eadem
796 1666 918 1693 mente
938 1670 994 1693 res
1010 1657 1275 1692 dissimillimas
1295 1669 1396 1693 com·

215 1713 490 1760 prehendimus,
511 1719 555 1747 ut
574 1712 746 1754 colorem,
767 1723 949 1759 saporem,
967 1710 1135 1753 calorem,
1157 1710 1319 1755 odorem,
1335 1722 1395 1746 so-

215 1766 334 1802 num?
365 1778 450 1813 quae
483 1777 688 1813 numquam
721 1764 887 1812 quinque
916 1764 1056 1799 nuntiis
1084 1764 1229 1799 animus
1258 1775 1397 1812 cogno-

215 1825 344 1862 sceret,
358 1820 427 1855 nisi
446 1819 493 1855 ad
509 1831 593 1854 eum
615 1818 738 1854 omnia
756 1818 977 1853 referrentur
991 1823 1028 1852 et
1046 1817 1077 1852 is
1097 1817 1264 1852 omnium
1275 1816 1396 1865 judex

216 1872 318 1908 solus
345 1880 453 1908 esset.
510 1873 637 1920 Atque
666 1884 709 1907 ea
741 1871 903 1919 profecto
935 1877 1013 1906 tum
1042 1870 1159 1905 multo
1185 1870 1332 1917 puriora
1359 1877 1397 1906 et

217 1925 435 1961 dilucidiora
447 1932 655 1967 cernentur,
672 1937 802 1972 quum,
820 1937 894 1972 quo
910 1930 1041 1960 natura
1053 1923 1134 1966 sert,
1147 1923 1240 1958 liber
1251 1923 1397 1960 animus

159 1984 197 2015 47
218 1979 438 2026 pervenerit.
496 1979 592 2014 Nam
624 1990 724 2014 nunc
756 1978 920 2025 quidem,
953 1988 1180 2025 quamquam
1216 1976 1397 2013 foramina

216 2032 293 2075 illa,
314 2045 401 2080 quae
418 2038 546 2080 patent
566 2032 611 2066 ad
631 2031 795 2066 animum
817 2043 838 2066 a
859 2043 1021 2079 corpore,
1043 2030 1280 2066 callidissimo
1308 2030 1396 2066 arti-

216 2086 300 2122 ficio
332 2093 464 2122 natura
494 2085 668 2121 fabricata
699 2091 767 2128 est,
799 2091 921 2120 tamen
955 2083 1107 2119 terrenis
1143 2083 1396 2131 concretisque

217 2139 431 2186 corporibus
452 2145 539 2174 sunt
558 2138 771 2185 intersaepta
788 2137 1063 2185 quodammodo
1081 2151 1090 2181 3
1121 2147 1237 2183 quum
1270 2142 1396 2172 autem

215 2191 307 2227 nihil
326 2193 393 2228 erit
413 2199 546 2240 praeter
564 2191 743 2234 animum,
757 2191 861 2226 nulla
881 2203 938 2226 res
959 2190 1103 2239 objecta
1121 2189 1308 2236 impediet,
1321 2201 1396 2236 quo

215 2245 340 2280 minus
361 2246 547 2293 percipiat,
569 2244 679 2292 quale
700 2244 865 2291 quidque
886 2243 944 2280 sit.

269 2298 382 2334 XXI.
415 2299 599 2337 Quamvis
617 2297 764 2345 copiose
783 2297 864 2333 haec
887 2297 1102 2338 diceremus,
1124 2295 1154 2330 si
1179 2307 1236 2331 res
1263 2300 1395 2343 postu-

215 2351 318 2395 laret,
333 2364 442 2400 quam
463 2352 592 2396 multa,
609 2363 720 2398 quam
738 2351 848 2394 varia,
868 2355 1007 2398 quanta
1027 2348 1234 2397 spectacula
1249 2348 1396 2384 animus

159 2410 198 2440 48
216 2405 254 2442 in
273 2405 363 2442 locis
383 2405 596 2442 caelestibus
615 2410 712 2440 esset
729 2403 936 2440 habiturus.
993 2402 1093 2441 Quae
1113 2402 1264 2450 quidem
1293 2401 1395 2452 cogi-
