1471 2585
113 105 174 150 12,
199 100 281 153 13.]
518 115 623 141 BOOK
652 116 679 141 1.
701 116 818 141 cHAP.
842 104 877 143 7.
1272 109 1291 141 5

108 210 304 256 poetarum
324 212 362 243 et
379 206 562 255 pictorum
586 213 758 255 portenta
778 208 1022 244 convincere?
1081 207 1141 244 M.
1174 208 1291 256 Atqui

108 261 211 309 pleni
239 260 323 296 libri
356 267 444 296 sunt
476 268 603 297 contra
634 261 705 297 ista
732 262 812 309 ipsa
839 261 1098 298 disserentium
1127 262 1290 309 philoso-

70 319 74 322 '
108 314 281 362 phorum.
338 313 389 350 A.
422 314 553 362 Inepte
580 327 680 350 sane.
740 315 836 354 Quis
856 322 911 351 est
931 316 1028 350 enim
1050 323 1126 350 tam
1145 328 1288 359 excors,

109 379 220 414 quem
249 367 320 403 ista
346 368 548 404 moveant?
606 367 664 404 M.
698 369 737 404 Si
764 381 849 417 ergo
876 369 975 417 apud
1004 369 1137 404 inferos
1167 369 1290 404 miseri

65 448 75 449 ff
107 432 182 456 non
212 427 311 464 sunt,
339 433 385 456 ne
416 428 504 456 sunt
532 421 684 468 quidem
716 423 814 470 apud
844 422 979 457 inferos
1009 422 1090 458 ulli.
1148 422 1198 458 A.
1232 422 1288 458 Ita

107 486 256 522 prorsus
285 474 474 511 existimo.
532 474 592 511 M.
625 475 703 511 Ubi
729 482 817 510 sunt
842 488 927 523 ergo
956 476 993 519 ii,
1015 488 1108 523 quos
1137 476 1288 512 miseros

107 526 225 563 dicis?
265 534 330 563 aut
355 540 468 576 quem
497 528 620 564 locum
648 528 844 564 incolunt?
883 529 913 564 si
940 529 1036 564 enim
1068 536 1166 573 sunt,
1197 542 1286 565 nus-

107 593 219 628 quam
250 593 329 616 esse
356 594 430 617 non
458 589 627 630 possunt.
685 581 736 618 A.
768 582 850 630 Ego
880 595 966 617 vero
995 595 1182 630 nusquam
1209 595 1288 619 esse

106 633 189 669 illos
218 641 322 682 puto.
384 634 444 671 M.
478 635 596 683 Igitur
624 648 671 671 ne
703 648 781 671 esse
812 635 990 683 quidem?
1048 636 1097 672 A.
1130 636 1287 672 Prorsus

106 687 178 723 isto
197 688 320 732 modo,
342 694 378 724 et
397 696 521 724 tamen
546 689 698 725 miseros
727 689 774 724 ob
803 688 841 724 id
871 689 992 737 ipsum
1016 690 1178 738 quidem,
1201 690 1287 738 quia

104 741 200 777 nulli
221 748 322 778 sunt.

158 793 220 831 M.
249 795 331 831 Jam
348 795 498 831 mallem
523 796 726 832 Cerberum
752 802 947 840 metueres,
969 810 1082 844 quam
1110 798 1180 833 ista
1208 803 1281 833 tam
1327 808 1335 819 ·‘

103 847 374 885 inconsiderate
404 849 556 886 diceres,
614 849 664 886 A.
697 850 796 889 Quid
826 851 1003 886 tandem?
1069 850 1127 887 M.
1161 851 1283 889 Quem

105 914 184 937 esse
203 914 329 950 negas,
357 903 514 938 eundem
541 916 620 939 esse
639 904 742 940 dicis.
802 904 877 939 Ubi
897 911 953 939 est
972 917 1127 940 acumen
1149 904 1283 941 tuum?

105 967 224 1003 quum
251 955 348 991 enim
378 955 553 992 miserum
585 970 663 993 esse
693 957 796 1001 dici's,
818 964 898 993 tum
927 970 1023 1000 eum,
1047 958 1110 1005 qui
1130 971 1204 994 non
1225 958 1284 1000 sit,

104 1008 195 1044 dicis
225 1021 318 1045 esse.
386 1009 436 1045 A.
468 1009 554 1045 Non
588 1023 670 1046 sum
704 1010 756 1046 ita
786 1011 911 1052 hebes,
942 1018 986 1046 ut
1018 1011 1119 1047 istud
1149 1012 1282 1047 dicam.

104 1060 166 1098 M.
197 1062 300 1101 Quid
320 1062 410 1098 dicis
436 1063 574 1111 igitur?
631 1063 682 1100 A.
714 1064 894 1100 Miserum
923 1077 1003 1100 esse
1026 1066 1126 1101 verbi
1155 1078 1285 1101 caussa

104 1114 162 1151 M.
185 1116 371 1159 Crassum,
393 1116 458 1164 qui
486 1116 568 1152 illas
596 1117 761 1153 fortunas
790 1124 906 1153 morte
932 1118 1136 1162 dimise1·it;
1173 1119 1282 1154 mise-

103 1180 187 1204 rum
209 1169 277 1204 Cn.
300 1169 534 1217 Pompeium,
555 1170 619 1218 qui
634 1176 737 1206 tanta
755 1170 871 1218 gloria
892 1171 938 1206 sit
958 1172 1132 1214 orbatus3
1156 1184 1283 1207 omnes

104 1221 264 1270 denique
284 1222 446 1266 miseros,
469 1223 533 1270 qui
558 1223 626 1259 hae
646 1223 728 1259 luce
756 1231 915 1259 careant.
973 1223 1032 1260 Μ.
1066 1224 1283 1260 Revolveris

105 1275 247 1312 eodem.
305 1275 389 1311 Sint
417 1277 514 1312 enim
545 1283 700 1324 oportet,
733 1277 763 1312 si
792 1276 916 1313 miseri
942 1284 1051 1321 sunt3
1089 1284 1129 1314 tu
1159 1286 1283 1314 autem

104 1329 214 1364 modo
233 1329 394 1377 negabas
414 1342 477 1365 eos
498 1342 589 1373 esse,
611 1330 675 1378 qui
695 1330 832 1366 mortui
848 1337 983 1366 essent.
1021 1331 1060 1366 Si
1076 1331 1190 1379 igitur
1209 1344 1282 1367 non

105 1389 205 1426 sunt,
237 1382 330 1418 nihil
363 1389 521 1430 possunt
550 1395 652 1426 esse3
691 1383 743 1420 ita
771 1396 818 1419 ne
847 1384 971 1419 miseri
1001 1384 1150 1432 quidem
1181 1391 1280 1421 sunt.

104 1434 154 1471 A.
181 1435 268 1473 Non
299 1436 380 1472 dieo
409 1436 564 1472 fortasse
594 1437 717 1481 etiam,
748 1437 848 1485 quod
881 1437 1026 1481 sentio;
1068 1450 1154 1474 nam
1186 1439 1282 1474 istuc

102 1488 239 1535 ipsum,
259 1502 334 1525 non
363 1502 455 1533 esse,
477 1502 594 1538 quum
622 1490 748 1534 fueris,
782 1491 1028 1527 miserrimum
1058 1498 1162 1539 puto.
1220 1491 1279 1528 M.
1323 1501 1339 1528 ,3

105 1541 237 1581 Quid?
268 1543 450 1586 miserius,
472 1556 584 1591 quam
608 1544 759 1579 omnino
785 1556 991 1592 numquam
1011 1544 1151 1580 fuisse?
1208 1545 1280 1589 Ita,

104 1595 170 1643 qui
188 1596 355 1632 nondum
375 1597 452 1631 nati
471 1603 570 1640 sunt,
596 1597 719 1633 miseri
738 1597 816 1646 jam
847 1604 946 1642 sunt,
967 1598 1053 1645 quia
1073 1611 1147 1634 non
1167 1606 1278 1643 sunt;

104 1654 142 1684 et
159 1662 238 1693 nos,
261 1650 290 1685 si
310 1655 394 1697 post
412 1657 568 1685 mortem
596 1650 718 1686 miseri
744 1651 859 1687 futuri
888 1664 1029 1694 summ,
1060 1651 1184 1687 miseri
1210 1652 1280 1688 fui-

103 1714 201 1746 mus,
238 1710 438 1751 antequam
475 1703 566 1739 nati.
635 1704 718 1753 Ego
755 1711 879 1740 autern
917 1717 992 1740 non
1031 1705 1279 1749 commemini,

103 1762 303 1803 antequam
324 1769 406 1791 sum
429 1764 553 1800 natus,
572 1769 631 1792 me
659 1757 847 1793 miserum.
905 1758 965 1793 Tu
984 1758 1014 1793 si
1033 1758 1183 1794 meliore
1203 1771 1281 1795 me-

103 1809 219 1845 moria
236 1821 286 1852 es,
306 1809 415 1845 velim
437 1810 539 1852 scire,
560 1810 693 1858 ecquid
712 1811 757 1846 de
777 1817 813 1846 te
831 1811 1033 1847 recordere.

147 1862 242 1898 VII.
257 1862 307 1898 A.
327 1863 540 1911 stajocaris,
551 1864 657 1911 quasi
669 1876 737 1911 ego
746 1864 863 1899 dicam
877 1876 938 1899 eos
952 1864 1115 1907 miseros,
1126 1865 1190 1912 qui
1203 1865 1279 1901 nati

102 1927 178 1951 non
197 1915 283 1959 sint,
309 1922 345 1951 et
372 1928 445 1951 non
476 1929 550 1958 eos,
577 1917 642 1964 qui
669 1917 805 1952 mortui
833 1923 933 1954 sunt.
990 1917 1050 1954 M.
1083 1918 1174 1954 Esse
1195 1931 1280 1967 ergo

103 1981 166 2004 eos
186 1969 290 2005 dicis.
347 1968 398 2005 A.
432 1969 564 2013 Immo,
592 1969 680 2017 quia
705 1982 779 2005 non
807 1970 891 2015 sint,
918 1983 1036 2018 quum
1063 1971 1209 2015 fuerint,
1237 1985 1280 2007 eo

103 2022 255 2058 miseros
275 2035 367 2058 esse.
425 2021 485 2058 M.
517 2022 729 2070 Pugnantia
747 2029 783 2059 te
801 2023 907 2071 loqui
929 2037 1003 2059 non
1023 2024 1156 2060 vides?
1190 2025 1279 2073 quid

104 2075 202 2111 enim
223 2081 296 2111 tam
317 2081 470 2124 pugnat,
488 2088 599 2123 quam
614 2089 689 2111 non
705 2076 815 2112 modo
834 2077 1022 2121 miserum,
1044 2078 1107 2113 sed
1127 2079 1279 2114 omnino

104 2128 301 2177 quicquam
333 2141 424 2173 esse,
459 2128 524 2176 qui
560 2141 634 2164 non
672 2129 745 2165 sit?
802 2129 863 2165 An
896 2136 938 2165 tu
974 2143 1143 2179 egressus
1175 2138 1280 2179 porta

106 2181 268 2230 Capena,
289 2194 405 2230 quum
427 2182 598 2225 Calatini,
621 2182 850 2231 Scipionum,
873 2183 1123 2226 Serviliorum,
1142 2184 1277 2220 Metel-

102 2234 223 2270 lorum
244 2235 412 2283 sepulcra
431 2235 545 2278 vides,
562 2235 714 2271 miseros
732 2243 842 2284 putas
862 2236 972 2272 illos?
1021 2236 1070 2273 A.
1090 2237 1278 2275 Quoniam

103 2299 162 2324 me
182 2289 294 2324 verbo
319 2289 466 2336 premiS,
492 2288 644 2336 posthac
673 2301 748 2324 non
775 2290 828 2325 ita
852 2289 993 2326 dicam:
1024 2291 1170 2326 miseros
1191 2303 1277 2334 esse,

106 2341 170 2377 sed
206 2347 351 2377 tantum
370 2354 378 2377 :
425 2344 584 2386 miseros,
623 2342 670 2377 ob
705 2342 744 2378 id
782 2343 918 2391 ipsum,
956 2344 1042 2391 quia
1078 2356 1152 2379 non
1192 2344 1277 2380 sint.

106 2391 167 2431 M.
196 2394 283 2432 Non
310 2394 402 2431 dicis
428 2395 566 2444 igitur:
614 2396 722 2431 miser
747 2401 798 2432 est
827 2394 887 2432 M.
913 2396 1078 2441 Crassus,
1106 2397 1171 2433 sed
1197 2402 1279 2433 tan-

662 2461 684 2485 13
705 2451 726 2485 3
