1471 2585
68 109 133 150 24,
154 104 238 154 25.]
419 117 524 142 BOOK
544 117 603 142 111.
625 117 742 142 cHAP.
768 108 826 150 10,
850 107 912 142 11.
1199 108 1244 148 71

67 213 255 250 simillima
287 213 399 249 animi
433 217 490 248 est
519 212 725 260 aegritud03
757 218 794 248 at
822 225 897 248 non
929 212 1060 248 similis
1090 219 1247 260 aegrota-

63 267 178 303 tionis
208 274 263 302 est
293 266 420 310 libido,
441 278 516 301 non
547 266 789 302 immoderata
821 266 965 309 laetitia‚
986 279 1072 314 quae
1098 273 1154 302 est
1180 279 1246 302 vo-

67 320 190 368 luptas
220 320 333 356 animi
367 319 463 355 elata
492 326 529 355 et
559 319 736 367 gestiens.
794 319 881 367 Ipse
902 321 1010 355 etiam
1032 327 1152 355 metus
1171 332 1247 356 non

56 380 123 417 >est
154 373 272 409 morbi
305 373 504 409 admodum
535 372 677 416 similis,
696 385 924 420 quamquam
955 373 1168 421 aegritudini
1192 381 1249 409 est

67 426 270 469 finitimus;
316 427 380 462 sed
417 426 573 474 proprie,
612 432 656 462 ut
693 427 886 474 aegrotatio
922 426 959 462 in
997 439 1158 475 corpore,
1197 427 1248 463 sic

69 480 250 527 aegritudo
269 480 306 515 in
327 480 449 515 animo
469 492 604 515 nomen
619 480 731 515 habet
744 492 817 515 non
835 480 1045 528 sejunctum
1067 493 1087 516 a
1106 480 1246 517 dolore.

68 533 217 569 Doloris
248 533 360 582 hujus
390 533 502 582 igitur
534 533 635 581 origo
665 533 773 569 nobis
799 534 1022 581 explicanda
1047 540 1113 578 est,
1134 534 1170 568 id
1192 541 1248 569 est

68 599 197 622 caussa
217 588 377 622 efficiens
397 586 657 635 aegritudinem
686 587 724 622 in
754 587 889 630 animm
911 595 1100 635 tamquam
1127 599 1247 635 aegro-

67 639 246 676 tationem
279 641 317 676 in
351 653 512 688 corpore.
572 640 668 676 Nam
705 647 747 675 ut
783 640 928 683 medici,
962 653 1091 676 caussa
1128 640 1248 676 morbi

65 692 228 737 inventa,
273 695 500 729 curationem
543 706 623 729 esse
664 693 854 729 inventam
897 700 1041 741 putant,
1077 694 1129 729 sic
1165 707 1246 738 nos,

67 759 196 783 caussa
226 747 457 796 aegritudinis
494 755 648 796 reperta,
679 747 853 783 medendi
889 747 1102 783 facultatem
1140 760 1245 796 repe-

65 800 214 838 riemus.

121 854 193 891 XI.
226 854 297 890 Est
328 854 442 902 igitur
471 866 603 890 caussa
631 854 751 890 omnis
780 854 817 890 in
851 854 1036 902 opinione,
1062 866 1130 889 nec
1160 866 1245 890 vero

67 907 297 956 aegritudinis
328 908 461 950 solum,
483 909 546 944 sed
575 908 686 944 etiam
712 908 936 956 reliquarum
966 908 1135 943 omnium
1164 920 1246 955 per-

67 962 333 1005 turbationum,
356 974 442 1009 quae
463 968 551 997 sunt
569 974 702 1009 genere
722 968 908 1009 quattuor,
930 962 1095 1010 partibus
1108 961 1245 1009 plures.

68 1013 165 1050 Nam
196 1027 313 1062 quum
340 1015 459 1050 omnis
489 1015 715 1063 perturbatio
736 1015 783 1050 sit
808 1016 922 1050 animi
950 1021 1073 1050 motus
1103 1015 1163 1050 vel
1189 1028 1246 1050 ra-

68 1067 180 1103 tionis
212 1080 346 1116 expers
379 1068 440 1103 vel
472 1068 649 1103 rationem
679 1069 903 1116 adspernans
923 1069 983 1104 vel
1012 1068 1142 1104 rationi
1171 1081 1247 1104 non

69 1120 257 1165 obediens,
273 1122 377 1169 isque
398 1127 520 1157 motus
533 1127 598 1157 aut
612 1122 700 1157 boni
713 1128 777 1157 aut
793 1122 879 1157 mali
896 1122 1069 1169 opinione
1089 1122 1244 1158 citetur:

68 1173 234 1210 bifariam
269 1182 446 1222 quattuor
476 1174 769 1222 perturbationes
808 1175 1001 1222 aequaliter
1037 1175 1246 1210 distributae

69 1233 168 1263 sunt.
227 1227 322 1263 Nam
344 1229 430 1264 duae
451 1234 538 1263 sunt
556 1240 604 1263 ex
628 1228 801 1276 opinione
828 1228 927 1270 boni,
949 1240 1106 1275 quarum
1135 1227 1249 1263 altera

69 1280 240 1329 voluptas
272 1281 447 1329 gestiens,
480 1281 517 1317 id
547 1287 603 1316 est
634 1287 769 1329 praeter
801 1282 952 1317 modum
991 1281 1086 1317 elata
1117 1281 1250 1317 laetitia

68 1334 241 1382 opinione
260 1335 455 1383 praesentis
476 1334 598 1382 magni
618 1334 775 1383 alicujus
804 1335 904 1377 boni,
925 1335 1038 1370 altera
1066 1334 1248 1382 cupiditas

67 1394 164 1423 recte
195 1388 253 1423 vel
282 1388 398 1423 libido
427 1388 498 1423 dici
523 1394 657 1436 potest,
679 1401 764 1436 quae
791 1396 847 1424 est
874 1389 1116 1423 immoderata
1134 1400 1247 1435 appe-

68 1440 148 1476 titio
168 1441 310 1489 opinati
328 1442 453 1489 magni
470 1441 557 1477 boni
576 1441 708 1477 rationi
729 1454 802 1477 non
831 1442 1101 1489 obtemperans.
1148 1441 1248 1489 Ergo
1267 1452 1273 1461 ²

68 1493 150 1530 haec
180 1495 254 1530 duo
286 1508 430 1543 genera,
455 1495 628 1542 voluptas
659 1495 823 1542 gestiens
853 1503 889 1530 et
918 1495 1043 1537 libido,
1068 1495 1248 1530 bonorum

69 1547 243 1595 opinione
263 1549 470 1592 turbantur,
490 1554 533 1584 ut
560 1549 633 1583 duo
662 1548 815 1596 reliqua,
836 1555 958 1583 metus
987 1554 1024 1583 et
1053 1548 1247 1596 aegritudo,

69 1600 264 1638 malorum.
303 1601 399 1637 Nam
417 1608 454 1637 et
467 1608 589 1637 metus
605 1601 730 1649 opinio
749 1601 872 1649 magni
885 1601 971 1636 mali
986 1601 1247 1649 impendentis,

69 1660 107 1690 et
125 1655 307 1702 aegritudo
327 1662 383 1691 est
408 1655 532 1703 opinio
562 1654 686 1703 magni
705 1655 791 1690 mali
816 1655 1021 1702 praesentis,
1044 1661 1080 1690 et
1098 1654 1249 1702 quidem

68 1720 195 1744 recens
216 1708 340 1756 opinio
359 1708 443 1744 talis
461 1708 561 1751 mali,
585 1715 625 1743 ut
656 1708 691 1743 in
727 1721 769 1743 eo
802 1714 942 1743 rectum
973 1708 1141 1742 videatur
1169 1719 1248 1743 esse

69 1761 178 1809 angi3
209 1761 248 1796 id
276 1768 400 1798 autem
421 1768 488 1805 est,
506 1769 548 1797 ut
576 1761 618 1804 is,
641 1761 706 1809 qui
735 1761 869 1806 doleat,
891 1767 1057 1808 oportere
1077 1760 1250 1808 opinetur

69 1826 107 1849 se
127 1814 264 1850 dolere.

124 1867 197 1902 His
229 1874 352 1902 autem
383 1867 734 1915 perturbationibus,
756 1879 848 1914 quas
881 1867 918 1902 in
951 1867 1026 1902 vita
1053 1867 1248 1903 hominum

69 1920 226 1956 stultitia
258 1921 363 1968 quasi
400 1921 579 1968 quasdam
607 1921 721 1956 furias
755 1921 922 1956 immittit
959 1928 1070 1968 atque
1106 1920 1247 1964 incitat,

69 1974 243 2009 omnibus
263 1974 402 2009 viribus
420 1980 530 2021 atque
551 1973 684 2021 opibus
702 1975 984 2022 repugnandum
1005 1982 1072 2017 est,
1091 1974 1121 2008 si
1140 1974 1247 2009 volu-

69 2039 154 2062 mus
187 2028 267 2071 hoc,
298 2027 397 2074 quod
421 2027 548 2062 datum
584 2033 640 2063 est
670 2026 770 2070 vitae,
803 2028 1000 2075 tranquille
1031 2027 1249 2074 placideque

69 2081 272 2116 traducere.
331 2080 404 2115 Sed
425 2086 544 2115 cetera
562 2079 674 2124 alias3
706 2093 805 2116 nunc
826 2081 1100 2128 aegritudinem,
1117 2081 1146 2114 si
1163 2092 1247 2127 pos-

71 2145 214 2177 sumus,
236 2134 477 2181 depellamus.
538 2133 581 2168 Id
613 2133 711 2169 enim
742 2134 788 2169 sit
816 2134 1060 2182 propositum,
1081 2133 1248 2180 quando·-

72 2187 222 2233 quidem
256 2200 335 2222 eam
368 2193 407 2222 tu
437 2186 550 2221 videri
571 2186 638 2222 tibi
666 2187 704 2222 in
733 2187 938 2235 sapientem
958 2187 1085 2221 cadere
1105 2186 1247 2230 dixisti,

71 2241 172 2286 quod
206 2253 273 2288 ego
306 2240 408 2275 nullo
439 2239 548 2275 modo
577 2239 763 2276 existimo.
820 2240 945 2275 Taetra
975 2239 1071 2274 enim
1099 2251 1154 2275 res
1180 2246 1246 2284 est,

71 2293 214 2336 misera,
236 2293 475 2336 detestabilis,
491 2293 592 2329 omni
611 2294 859 2337 contentione,
883 2293 984 2336 velis,
998 2299 1040 2329 ut
1050 2292 1102 2329 ita
1114 2293 1246 2336 dicam,

69 2346 252 2395 remisque
271 2346 460 2395 fugienda.

1266 860 1306 889 24
