<?xml version="1.0" encoding="UTF-8"?>
<!DOCTYPE html PUBLIC "-//W3C//DTD XHTML 1.0 Transitional//EN"
    "http://www.w3.org/TR/xhtml1/DTD/xhtml1-transitional.dtd">
<html xmlns="http://www.w3.org/1999/xhtml" xml:lang="en" lang="en">
 <head>
  <title>
</title>
<meta http-equiv="Content-Type" content="text/html;charset=utf-8" />
  <meta name='ocr-system' content='tesseract 3.04.00' />
  <meta name='ocr-capabilities' content='ocr_page ocr_carea ocr_par ocr_line ocrx_word'/>
</head>
<body>
  <div class='ocr_page' id='page_1' title='image "./tusculandisputat00ciceuoft_0078.png"; bbox 0 0 1471 2585; ppageno 0'>
   <div class='ocr_carea' id='block_1_1' title="bbox 145 1479 185 1508">
    <p class='ocr_par' dir='ltr' id='par_1_1' title="bbox 145 1479 185 1508">
     <span class='ocr_line' id='line_1_1' title="bbox 145 1480 163 1508; textangle 90"><span class='ocrx_word' id='word_1_1' title='bbox 145 1480 163 1508; x_wconf 72' lang='lat'>¹0</span> 
     </span>
     <span class='ocr_line' id='line_1_2' title="bbox 168 1479 185 1507; textangle 90"><span class='ocrx_word' id='word_1_2' title='bbox 168 1479 185 1507; x_wconf 60' lang='grc' dir='ltr'>[Ο</span> 
     </span>
    </p>
   </div>
   <div class='ocr_carea' id='block_1_2' title="bbox 199 85 1375 136">
    <p class='ocr_par' dir='ltr' id='par_1_2' title="bbox 199 85 1375 136">
     <span class='ocr_line' id='line_1_3' title="bbox 199 85 1375 136; baseline -0.001 -10"><span class='ocrx_word' id='word_1_3' title='bbox 199 90 248 130; x_wconf 82' lang='lat'>70</span> <span class='ocrx_word' id='word_1_4' title='bbox 533 100 736 126; x_wconf 80' lang='lat' dir='ltr'>TUSCULAN</span> <span class='ocrx_word' id='word_1_5' title='bbox 765 99 1061 125; x_wconf 68' lang='lat' dir='ltr'>niseum-nous.</span> <span class='ocrx_word' id='word_1_6' title='bbox 1184 85 1375 136; x_wconf 78' lang='lat'>[21-23,</span> 
     </span>
    </p>
   </div>
   <div class='ocr_carea' id='block_1_3' title="bbox 198 194 1377 458">
    <p class='ocr_par' dir='ltr' id='par_1_3' title="bbox 198 194 1377 458">
     <span class='ocr_line' id='line_1_4' title="bbox 199 194 1377 244; baseline -0.003 -11"><span class='ocrx_word' id='word_1_7' title='bbox 199 195 285 233; x_wconf 91' lang='lat' dir='ltr'>Non</span> <span class='ocrx_word' id='word_1_8' title='bbox 315 196 396 232; x_wconf 83' lang='lat' dir='ltr'>dixi</span> <span class='ocrx_word' id='word_1_9' title='bbox 421 196 607 239; x_wconf 83' lang='lat' dir='ltr'>invidiam,</span> <span class='ocrx_word' id='word_1_10' title='bbox 627 208 714 243; x_wconf 90' lang='lat' dir='ltr'>quae</span> <span class='ocrx_word' id='word_1_11' title='bbox 747 201 826 232; x_wconf 89' lang='lat' dir='ltr'>turn</span> <span class='ocrx_word' id='word_1_12' title='bbox 857 201 923 240; x_wconf 79' lang='lat' dir='ltr'>est,</span> <span class='ocrx_word' id='word_1_13' title='bbox 945 208 1061 244; x_wconf 90' lang='lat' dir='ltr'>quum</span> <span class='ocrx_word' id='word_1_14' title='bbox 1086 194 1300 240; x_wconf 80' lang='lat' dir='ltr'>invidetur3</span> <span class='ocrx_word' id='word_1_15' title='bbox 1331 194 1377 231; x_wconf 88' lang='lat' dir='ltr'>ab</span> 
     </span>
     <span class='ocr_line' id='line_1_5' title="bbox 199 248 1376 297; baseline -0.002 -12"><span class='ocrx_word' id='word_1_16' title='bbox 199 250 394 286; x_wconf 76' lang='lat' dir='ltr'>invidendo</span> <span class='ocrx_word' id='word_1_17' title='bbox 421 256 544 285; x_wconf 83' lang='lat' dir='ltr'>autem</span> <span class='ocrx_word' id='word_1_18' title='bbox 574 250 773 285; x_wconf 76' lang='lat' dir='ltr'><em>invidentia</em></span> <span class='ocrx_word' id='word_1_19' title='bbox 793 255 890 285; x_wconf 85' lang='lat' dir='ltr'>recte</span> <span class='ocrx_word' id='word_1_20' title='bbox 910 249 982 285; x_wconf 91' lang='lat' dir='ltr'>dici</span> <span class='ocrx_word' id='word_1_21' title='bbox 1001 255 1134 297; x_wconf 87' lang='lat' dir='ltr'>potest,</span> <span class='ocrx_word' id='word_1_22' title='bbox 1158 255 1197 284; x_wconf 89' lang='lat' dir='ltr'>ut</span> <span class='ocrx_word' id='word_1_23' title='bbox 1222 248 1376 297; x_wconf 86' lang='lat' dir='ltr'>effugia-</span> 
     </span>
     <span class='ocr_line' id='line_1_6' title="bbox 198 302 1377 351; baseline -0.002 -12"><span class='ocrx_word' id='word_1_24' title='bbox 198 315 282 339; x_wconf 87' lang='lat' dir='ltr'>mus</span> <span class='ocrx_word' id='word_1_25' title='bbox 302 303 518 351; x_wconf 83' lang='lat' dir='ltr'>ambiguum</span> <span class='ocrx_word' id='word_1_26' title='bbox 540 315 672 338; x_wconf 91' lang='lat' dir='ltr'>nomen</span> <span class='ocrx_word' id='word_1_27' title='bbox 694 303 848 339; x_wconf 65' lang='lat' dir='ltr'>invidiae</span> <span class='ocrx_word' id='word_1_28' title='bbox 866 316 878 345; x_wconf 90' lang='lat'>,·</span> <span class='ocrx_word' id='word_1_29' title='bbox 909 303 1009 351; x_wconf 92' lang='lat' dir='ltr'>quod</span> <span class='ocrx_word' id='word_1_30' title='bbox 1040 303 1192 338; x_wconf 90' lang='lat' dir='ltr'>verbum</span> <span class='ocrx_word' id='word_1_31' title='bbox 1222 302 1377 338; x_wconf 89' lang='lat' dir='ltr'>ductum</span> 
     </span>
     <span class='ocr_line' id='line_1_7' title="bbox 199 355 1377 399; baseline 0 -8"><span class='ocrx_word' id='word_1_32' title='bbox 199 363 256 392; x_wconf 83' lang='lat' dir='ltr'>est</span> <span class='ocrx_word' id='word_1_33' title='bbox 275 368 295 392; x_wconf 89' lang='lat' dir='ltr'>a</span> <span class='ocrx_word' id='word_1_34' title='bbox 313 357 424 392; x_wconf 86' lang='lat' dir='ltr'>nimis</span> <span class='ocrx_word' id='word_1_35' title='bbox 442 357 623 392; x_wconf 83' lang='lat' dir='ltr'>intuendo</span> <span class='ocrx_word' id='word_1_36' title='bbox 640 356 825 392; x_wconf 85' lang='lat' dir='ltr'>fortunam</span> <span class='ocrx_word' id='word_1_37' title='bbox 844 356 1006 399; x_wconf 83' lang='lat' dir='ltr'>alterius,</span> <span class='ocrx_word' id='word_1_38' title='bbox 1026 364 1070 392; x_wconf 86' lang='lat' dir='ltr'>ut</span> <span class='ocrx_word' id='word_1_39' title='bbox 1101 363 1154 391; x_wconf 89' lang='lat' dir='ltr'>est</span> <span class='ocrx_word' id='word_1_40' title='bbox 1187 355 1226 391; x_wconf 90' lang='lat' dir='ltr'>in</span> <span class='ocrx_word' id='word_1_41' title='bbox 1256 355 1377 391; x_wconf 85' lang='lat' dir='ltr'>Mela-</span> 
     </span>
     <span class='ocr_line' id='line_1_8' title="bbox 198 409 553 458; baseline 0.003 -13"><span class='ocrx_word' id='word_1_42' title='bbox 198 409 336 458; x_wconf 88' lang='lat' dir='ltr'>nippo:</span> <span class='ocrx_word' id='word_1_43' title='bbox 368 410 553 448; x_wconf 77' lang='lat' dir='ltr'>Quisnam</span> 
     </span>
    </p>
   </div>
   <div class='ocr_carea' id='block_1_4' title="bbox 575 488 1121 520">
    <p class='ocr_par' dir='ltr' id='par_1_4' title="bbox 575 488 1121 520">
     <span class='ocr_line' id='line_1_9' title="bbox 575 488 1121 520; baseline -0.002 -1"><span class='ocrx_word' id='word_1_44' title='bbox 575 489 687 520; x_wconf 83' lang='lat' dir='ltr'>florem</span> <span class='ocrx_word' id='word_1_45' title='bbox 702 489 843 520; x_wconf 83' lang='lat' dir='ltr'>liberum</span> <span class='ocrx_word' id='word_1_46' title='bbox 857 488 972 519; x_wconf 77' lang='lat' dir='ltr'>invidit</span> <span class='ocrx_word' id='word_1_47' title='bbox 989 498 1096 519; x_wconf 87' lang='lat' dir='ltr'>meum</span> <span class='ocrx_word' id='word_1_48' title='bbox 1112 490 1121 519; x_wconf 76' lang='lat'>3</span> 
     </span>
    </p>
   </div>
   <div class='ocr_carea' id='block_1_5' title="bbox 200 565 1401 2212">
    <p class='ocr_par' dir='ltr' id='par_1_5' title="bbox 200 565 1377 763">
     <span class='ocr_line' id='line_1_10' title="bbox 200 565 1376 615; baseline 0.003 -15"><span class='ocrx_word' id='word_1_49' title='bbox 200 565 302 602; x_wconf 80' lang='lat' dir='ltr'>Male</span> <span class='ocrx_word' id='word_1_50' title='bbox 321 566 454 603; x_wconf 85' lang='lat' dir='ltr'>Latine</span> <span class='ocrx_word' id='word_1_51' title='bbox 473 567 638 611; x_wconf 86' lang='lat' dir='ltr'>videtur;</span> <span class='ocrx_word' id='word_1_52' title='bbox 671 567 735 602; x_wconf 90' lang='lat' dir='ltr'>sed</span> <span class='ocrx_word' id='word_1_53' title='bbox 755 566 930 615; x_wconf 85' lang='lat' dir='ltr'>praeclare</span> <span class='ocrx_word' id='word_1_54' title='bbox 951 566 1086 602; x_wconf 90' lang='lat' dir='ltr'>Accius</span> <span class='ocrx_word' id='word_1_55' title='bbox 1102 581 1110 610; x_wconf 84' lang='lat'>;</span> <span class='ocrx_word' id='word_1_56' title='bbox 1142 572 1184 602; x_wconf 86' lang='lat' dir='ltr'>ut</span> <span class='ocrx_word' id='word_1_57' title='bbox 1203 566 1302 602; x_wconf 89' lang='lat' dir='ltr'>enim</span> <span class='ocrx_word' id='word_1_58' title='bbox 1321 569 1376 603; x_wconf 82' lang='lat' dir='ltr'>vi-</span> 
     </span>
     <span class='ocr_line' id='line_1_11' title="bbox 200 619 1377 668; baseline 0.001 -13"><span class='ocrx_word' id='word_1_59' title='bbox 200 619 299 663; x_wconf 80' lang='lat' dir='ltr'>dere,</span> <span class='ocrx_word' id='word_1_60' title='bbox 320 620 371 656; x_wconf 90' lang='lat' dir='ltr'>sic</span> <span class='ocrx_word' id='word_1_61' title='bbox 390 621 555 656; x_wconf 73' lang='lat' dir='ltr'>invidere</span> <span class='ocrx_word' id='word_1_62' title='bbox 565 621 699 668; x_wconf 81' lang='lat' dir='ltr'>florem</span> <span class='ocrx_word' id='word_1_63' title='bbox 726 620 873 663; x_wconf 88' lang='lat' dir='ltr'>rectius,</span> <span class='ocrx_word' id='word_1_64' title='bbox 894 632 1007 668; x_wconf 85' lang='lat' dir='ltr'>quam</span> <span class='ocrx_word' id='word_1_65' title='bbox 1018 620 1124 668; x_wconf 75' lang='lat' dir='ltr'>flori.</span> <span class='ocrx_word' id='word_1_66' title='bbox 1182 619 1260 656; x_wconf 90' lang='lat' dir='ltr'>Nos</span> <span class='ocrx_word' id='word_1_67' title='bbox 1289 632 1377 656; x_wconf 90' lang='lat' dir='ltr'>con-</span> 
     </span>
     <span class='ocr_line' id='line_1_12' title="bbox 202 673 1377 722; baseline 0.001 -14"><span class='ocrx_word' id='word_1_68' title='bbox 202 674 399 709; x_wconf 87' lang='lat' dir='ltr'>suetudine</span> <span class='ocrx_word' id='word_1_69' title='bbox 418 674 678 722; x_wconf 85' lang='lat' dir='ltr'><strong>prohibemur:</strong></span> <span class='ocrx_word' id='word_1_70' title='bbox 709 673 895 722; x_wconf 76' lang='lat' dir='ltr'>poetajus</span> <span class='ocrx_word' id='word_1_71' title='bbox 925 686 1035 709; x_wconf 88' lang='lat' dir='ltr'>suum</span> <span class='ocrx_word' id='word_1_72' title='bbox 1064 673 1186 709; x_wconf 87' lang='lat' dir='ltr'>tenuit</span> <span class='ocrx_word' id='word_1_73' title='bbox 1213 680 1251 709; x_wconf 84' lang='lat' dir='ltr'>et</span> <span class='ocrx_word' id='word_1_74' title='bbox 1278 673 1377 709; x_wconf 82' lang='lat' dir='ltr'><strong>dixit</strong></span> 
     </span>
     <span class='ocr_line' id='line_1_13' title="bbox 200 726 388 763; baseline 0.005 -1"><span class='ocrx_word' id='word_1_75' title='bbox 200 726 388 763; x_wconf 84' lang='lat' dir='ltr'>audacius.</span> 
     </span>
    </p>

    <p class='ocr_par' dir='ltr' id='par_1_6' title="bbox 200 780 1401 1467">
     <span class='ocr_line' id='line_1_14' title="bbox 254 780 1377 828; baseline -0.001 -12"><span class='ocrx_word' id='word_1_76' title='bbox 254 780 304 816; x_wconf 94' lang='lat' dir='ltr'>X.</span> <span class='ocrx_word' id='word_1_77' title='bbox 337 780 444 816; x_wconf 80' lang='lat' dir='ltr'><strong>Cadit</strong></span> <span class='ocrx_word' id='word_1_78' title='bbox 477 780 589 828; x_wconf 85' lang='lat' dir='ltr'>igitur</span> <span class='ocrx_word' id='word_1_79' title='bbox 620 780 656 816; x_wconf 91' lang='lat' dir='ltr'>in</span> <span class='ocrx_word' id='word_1_80' title='bbox 690 781 850 816; x_wconf 85' lang='lat' dir='ltr'>eundem</span> <span class='ocrx_word' id='word_1_81' title='bbox 878 787 915 816; x_wconf 86' lang='lat' dir='ltr'>et</span> <span class='ocrx_word' id='word_1_82' title='bbox 943 780 1106 815; x_wconf 87' lang='lat' dir='ltr'>misereri</span> <span class='ocrx_word' id='word_1_83' title='bbox 1136 786 1172 816; x_wconf 83' lang='lat' dir='ltr'>et</span> <span class='ocrx_word' id='word_1_84' title='bbox 1200 780 1377 816; x_wconf 90' lang='lat' dir='ltr'>invidere.</span> 
     </span>
     <span class='ocr_line' id='line_1_15' title="bbox 201 832 1379 882; baseline 0.002 -14"><span class='ocrx_word' id='word_1_85' title='bbox 201 832 298 868; x_wconf 87' lang='lat' dir='ltr'>Nam</span> <span class='ocrx_word' id='word_1_86' title='bbox 329 833 392 881; x_wconf 87' lang='lat' dir='ltr'>qui</span> <span class='ocrx_word' id='word_1_87' title='bbox 425 834 524 870; x_wconf 86' lang='lat' dir='ltr'>dolet</span> <span class='ocrx_word' id='word_1_88' title='bbox 555 834 665 870; x_wconf 89' lang='lat' dir='ltr'>rebus</span> <span class='ocrx_word' id='word_1_89' title='bbox 696 834 853 881; x_wconf 87' lang='lat' dir='ltr'>alicujus</span> <span class='ocrx_word' id='word_1_90' title='bbox 885 834 1058 876; x_wconf 81' lang='lat' dir='ltr'>adversis,</span> <span class='ocrx_word' id='word_1_91' title='bbox 1090 834 1188 869; x_wconf 89' lang='lat' dir='ltr'>idern</span> <span class='ocrx_word' id='word_1_92' title='bbox 1221 833 1379 882; x_wconf 86' lang='lat' dir='ltr'>alicujus</span> 
     </span>
     <span class='ocr_line' id='line_1_16' title="bbox 200 886 1390 936; baseline 0.001 -15"><span class='ocrx_word' id='word_1_93' title='bbox 200 886 311 922; x_wconf 86' lang='lat' dir='ltr'>etiam</span> <span class='ocrx_word' id='word_1_94' title='bbox 333 888 502 922; x_wconf 87' lang='lat' dir='ltr'>secundis</span> <span class='ocrx_word' id='word_1_95' title='bbox 522 888 635 923; x_wconf 88' lang='lat' dir='ltr'>dolet.</span> <span class='ocrx_word' id='word_1_96' title='bbox 694 887 749 923; x_wconf 87' lang='lat' dir='ltr'>Ut</span> <span class='ocrx_word' id='word_1_97' title='bbox 778 887 1067 936; x_wconf 77' lang='lat' dir='ltr'>Theophrastus,</span> <span class='ocrx_word' id='word_1_98' title='bbox 1095 887 1286 922; x_wconf 86' lang='lat' dir='ltr'>interitum</span> <span class='ocrx_word' id='word_1_99' title='bbox 1315 886 1390 923; x_wconf 53' lang='lat' dir='ltr'>de?</span> 
     </span>
     <span class='ocr_line' id='line_1_17' title="bbox 200 939 1379 988; baseline 0.002 -14"><span class='ocrx_word' id='word_1_100' title='bbox 200 939 348 987; x_wconf 84' lang='lat' dir='ltr'>plorans</span> <span class='ocrx_word' id='word_1_101' title='bbox 381 940 619 976; x_wconf 68' lang='lat' dir='ltr'>Callisthenis</span> <span class='ocrx_word' id='word_1_102' title='bbox 649 940 783 976; x_wconf 90' lang='lat' dir='ltr'>sodalis</span> <span class='ocrx_word' id='word_1_103' title='bbox 809 940 877 984; x_wconf 92' lang='lat' dir='ltr'>sui,</span> <span class='ocrx_word' id='word_1_104' title='bbox 906 941 1015 976; x_wconf 90' lang='lat' dir='ltr'>rebus</span> <span class='ocrx_word' id='word_1_105' title='bbox 1042 940 1249 976; x_wconf 82' lang='lat' dir='ltr'>Alexandri</span> <span class='ocrx_word' id='word_1_106' title='bbox 1275 952 1379 988; x_wconf 87' lang='lat' dir='ltr'>pros-</span> 
     </span>
     <span class='ocr_line' id='line_1_18' title="bbox 201 993 1378 1041; baseline 0.001 -13"><span class='ocrx_word' id='word_1_107' title='bbox 201 993 298 1041; x_wconf 86' lang='lat' dir='ltr'>peris</span> <span class='ocrx_word' id='word_1_108' title='bbox 311 994 475 1041; x_wconf 67' lang='lat' dir='ltr'>angitur,</span> <span class='ocrx_word' id='word_1_109' title='bbox 492 994 614 1041; x_wconf 80' lang='lat' dir='ltr'>itaque</span> <span class='ocrx_word' id='word_1_110' title='bbox 627 994 728 1036; x_wconf 87' lang='lat' dir='ltr'>dicit,</span> <span class='ocrx_word' id='word_1_111' title='bbox 744 994 1009 1030; x_wconf 83' lang='lat' dir='ltr'>Callisthenem</span> <span class='ocrx_word' id='word_1_112' title='bbox 1022 994 1193 1029; x_wconf 81' lang='lat' dir='ltr'>incidisse</span> <span class='ocrx_word' id='word_1_113' title='bbox 1207 994 1246 1029; x_wconf 92' lang='lat' dir='ltr'>in</span> <span class='ocrx_word' id='word_1_114' title='bbox 1258 993 1378 1029; x_wconf 90' lang='lat' dir='ltr'>homi-</span> 
     </span>
     <span class='ocr_line' id='line_1_19' title="bbox 200 1047 1379 1095; baseline 0.001 -14"><span class='ocrx_word' id='word_1_115' title='bbox 200 1058 285 1082; x_wconf 86' lang='lat' dir='ltr'>nem</span> <span class='ocrx_word' id='word_1_116' title='bbox 317 1059 461 1082; x_wconf 86' lang='lat' dir='ltr'>summa</span> <span class='ocrx_word' id='word_1_117' title='bbox 489 1048 652 1095; x_wconf 88' lang='lat' dir='ltr'>potentia</span> <span class='ocrx_word' id='word_1_118' title='bbox 681 1059 899 1094; x_wconf 88' lang='lat' dir='ltr'>summaque</span> <span class='ocrx_word' id='word_1_119' title='bbox 927 1047 1085 1091; x_wconf 79' lang='lat' dir='ltr'>fortuna,</span> <span class='ocrx_word' id='word_1_120' title='bbox 1108 1048 1168 1082; x_wconf 90' lang='lat' dir='ltr'>sed</span> <span class='ocrx_word' id='word_1_121' title='bbox 1196 1047 1379 1095; x_wconf 84' lang='lat' dir='ltr'>ignarum,</span> 
     </span>
     <span class='ocr_line' id='line_1_20' title="bbox 201 1100 1381 1148; baseline 0.002 -14"><span class='ocrx_word' id='word_1_122' title='bbox 201 1111 312 1146; x_wconf 91' lang='lat' dir='ltr'>quem</span> <span class='ocrx_word' id='word_1_123' title='bbox 333 1100 379 1135; x_wconf 88' lang='lat' dir='ltr'>ad</span> <span class='ocrx_word' id='word_1_124' title='bbox 408 1102 559 1136; x_wconf 90' lang='lat' dir='ltr'>modum</span> <span class='ocrx_word' id='word_1_125' title='bbox 580 1102 688 1136; x_wconf 91' lang='lat' dir='ltr'>rebus</span> <span class='ocrx_word' id='word_1_126' title='bbox 715 1101 884 1136; x_wconf 89' lang='lat' dir='ltr'>secundis</span> <span class='ocrx_word' id='word_1_127' title='bbox 903 1100 960 1136; x_wconf 89' lang='lat' dir='ltr'>uti</span> <span class='ocrx_word' id='word_1_128' title='bbox 978 1100 1204 1136; x_wconf 82' lang='lat' dir='ltr'>conveniret.</span> <span class='ocrx_word' id='word_1_129' title='bbox 1261 1100 1381 1148; x_wconf 81' lang='lat' dir='ltr'>Atqui</span> 
     </span>
     <span class='ocr_line' id='line_1_21' title="bbox 201 1153 1380 1201; baseline 0.001 -14"><span class='ocrx_word' id='word_1_130' title='bbox 201 1154 514 1199; x_wconf 82' lang='lat' dir='ltr'>quemadmodum</span> <span class='ocrx_word' id='word_1_131' title='bbox 529 1154 775 1189; x_wconf 80' lang='lat' dir='ltr'>misericordia</span> <span class='ocrx_word' id='word_1_132' title='bbox 787 1153 969 1201; x_wconf 82' lang='lat' dir='ltr'>aegritudo</span> <span class='ocrx_word' id='word_1_133' title='bbox 983 1161 1037 1189; x_wconf 90' lang='lat' dir='ltr'>est</span> <span class='ocrx_word' id='word_1_134' title='bbox 1050 1166 1097 1189; x_wconf 84' lang='lat' dir='ltr'>ex</span> <span class='ocrx_word' id='word_1_135' title='bbox 1111 1153 1260 1189; x_wconf 85' lang='lat' dir='ltr'>alterius</span> <span class='ocrx_word' id='word_1_136' title='bbox 1269 1154 1380 1189; x_wconf 87' lang='lat' dir='ltr'>rebus</span> 
     </span>
     <span class='ocr_line' id='line_1_22' title="bbox 201 1206 1379 1255; baseline 0.001 -14"><span class='ocrx_word' id='word_1_137' title='bbox 201 1206 376 1250; x_wconf 85' lang='lat' dir='ltr'>adversis,</span> <span class='ocrx_word' id='word_1_138' title='bbox 391 1207 441 1242; x_wconf 89' lang='lat' dir='ltr'>sic</span> <span class='ocrx_word' id='word_1_139' title='bbox 460 1207 665 1242; x_wconf 81' lang='lat' dir='ltr'>invidentia</span> <span class='ocrx_word' id='word_1_140' title='bbox 682 1207 863 1255; x_wconf 75' lang='lat' dir='ltr'>aegritudo</span> <span class='ocrx_word' id='word_1_141' title='bbox 884 1213 939 1242; x_wconf 86' lang='lat' dir='ltr'>est</span> <span class='ocrx_word' id='word_1_142' title='bbox 957 1219 1004 1242; x_wconf 85' lang='lat' dir='ltr'>ex</span> <span class='ocrx_word' id='word_1_143' title='bbox 1021 1207 1171 1242; x_wconf 89' lang='lat' dir='ltr'>alterius</span> <span class='ocrx_word' id='word_1_144' title='bbox 1191 1207 1301 1242; x_wconf 88' lang='lat' dir='ltr'>rebus</span> <span class='ocrx_word' id='word_1_145' title='bbox 1321 1219 1379 1242; x_wconf 91' lang='lat' dir='ltr'>se-</span> 
     </span>
     <span class='ocr_line' id='line_1_23' title="bbox 201 1259 1380 1308; baseline 0.002 -14"><span class='ocrx_word' id='word_1_146' title='bbox 201 1259 344 1295; x_wconf 85' lang='lat' dir='ltr'>cundis.</span> <span class='ocrx_word' id='word_1_147' title='bbox 403 1259 448 1295; x_wconf 90' lang='lat' dir='ltr'>In</span> <span class='ocrx_word' id='word_1_148' title='bbox 466 1273 577 1307; x_wconf 90' lang='lat' dir='ltr'>quem</span> <span class='ocrx_word' id='word_1_149' title='bbox 597 1260 708 1308; x_wconf 84' lang='lat' dir='ltr'>igitur</span> <span class='ocrx_word' id='word_1_150' title='bbox 723 1260 819 1295; x_wconf 83' lang='lat' dir='ltr'>cadit</span> <span class='ocrx_word' id='word_1_151' title='bbox 836 1259 1012 1303; x_wconf 88' lang='lat' dir='ltr'>misereri,</span> <span class='ocrx_word' id='word_1_152' title='bbox 1034 1260 1069 1294; x_wconf 87' lang='lat' dir='ltr'>in</span> <span class='ocrx_word' id='word_1_153' title='bbox 1088 1260 1247 1295; x_wconf 89' lang='lat' dir='ltr'>eundem</span> <span class='ocrx_word' id='word_1_154' title='bbox 1268 1259 1380 1296; x_wconf 91' lang='lat' dir='ltr'>etiam</span> 
     </span>
     <span class='ocr_line' id='line_1_24' title="bbox 200 1311 1379 1361; baseline 0.002 -14"><span class='ocrx_word' id='word_1_155' title='bbox 200 1311 378 1348; x_wconf 88' lang='lat' dir='ltr'>invidere.</span> <span class='ocrx_word' id='word_1_156' title='bbox 437 1313 522 1349; x_wconf 90' lang='lat' dir='ltr'>Non</span> <span class='ocrx_word' id='word_1_157' title='bbox 543 1314 641 1349; x_wconf 87' lang='lat' dir='ltr'>cadit</span> <span class='ocrx_word' id='word_1_158' title='bbox 660 1319 785 1348; x_wconf 90' lang='lat' dir='ltr'>autem</span> <span class='ocrx_word' id='word_1_159' title='bbox 804 1313 968 1348; x_wconf 89' lang='lat' dir='ltr'>invidere</span> <span class='ocrx_word' id='word_1_160' title='bbox 986 1313 1025 1348; x_wconf 91' lang='lat' dir='ltr'>in</span> <span class='ocrx_word' id='word_1_161' title='bbox 1044 1313 1246 1360; x_wconf 83' lang='lat' dir='ltr'>sapientem</span> <span class='ocrx_word' id='word_1_162' title='bbox 1262 1327 1270 1357; x_wconf 86' lang='lat'>3</span> <span class='ocrx_word' id='word_1_163' title='bbox 1293 1325 1379 1361; x_wconf 87' lang='lat' dir='ltr'>ergo</span> 
     </span>
     <span class='ocr_line' id='line_1_25' title="bbox 201 1365 1401 1414; baseline 0.002 -14"><span class='ocrx_word' id='word_1_164' title='bbox 201 1377 248 1400; x_wconf 90' lang='lat' dir='ltr'>ne</span> <span class='ocrx_word' id='word_1_165' title='bbox 267 1366 429 1401; x_wconf 86' lang='lat' dir='ltr'>misereri</span> <span class='ocrx_word' id='word_1_166' title='bbox 449 1367 613 1414; x_wconf 89' lang='lat' dir='ltr'>quidem.</span> <span class='ocrx_word' id='word_1_167' title='bbox 670 1365 816 1405; x_wconf 81' lang='lat' dir='ltr'>Quodsi</span> <span class='ocrx_word' id='word_1_168' title='bbox 836 1379 933 1414; x_wconf 82' lang='lat' dir='ltr'>aegre</span> <span class='ocrx_word' id='word_1_169' title='bbox 954 1367 1044 1401; x_wconf 88' lang='lat' dir='ltr'>ferre</span> <span class='ocrx_word' id='word_1_170' title='bbox 1068 1366 1214 1414; x_wconf 87' lang='lat' dir='ltr'>sapiens</span> <span class='ocrx_word' id='word_1_171' title='bbox 1234 1366 1401 1410; x_wconf 48' lang='lat' dir='ltr'>soleret?</span> 
     </span>
     <span class='ocr_line' id='line_1_26' title="bbox 201 1419 1363 1467; baseline 0.002 -13"><span class='ocrx_word' id='word_1_172' title='bbox 201 1419 365 1454; x_wconf 87' lang='lat' dir='ltr'>misereri</span> <span class='ocrx_word' id='word_1_173' title='bbox 383 1420 493 1455; x_wconf 85' lang='lat' dir='ltr'>etiam</span> <span class='ocrx_word' id='word_1_174' title='bbox 514 1420 658 1455; x_wconf 88' lang='lat' dir='ltr'>soleret.</span> <span class='ocrx_word' id='word_1_175' title='bbox 703 1420 823 1455; x_wconf 84' lang='lat' dir='ltr'>Abest</span> <span class='ocrx_word' id='word_1_176' title='bbox 837 1432 923 1467; x_wconf 85' lang='lat' dir='ltr'>ergo</span> <span class='ocrx_word' id='word_1_177' title='bbox 943 1431 964 1454; x_wconf 90' lang='lat' dir='ltr'>a</span> <span class='ocrx_word' id='word_1_178' title='bbox 983 1419 1146 1466; x_wconf 84' lang='lat' dir='ltr'>sapiente</span> <span class='ocrx_word' id='word_1_179' title='bbox 1167 1419 1363 1467; x_wconf 66' lang='lat' dir='ltr'>aegritudo·</span> 
     </span>
    </p>

    <p class='ocr_par' dir='ltr' id='par_1_7' title="bbox 202 1471 1380 2092">
     <span class='ocr_line' id='line_1_27' title="bbox 258 1471 1379 1521; baseline 0.002 -14"><span class='ocrx_word' id='word_1_180' title='bbox 258 1471 353 1508; x_wconf 85' lang='lat' dir='ltr'>Haec</span> <span class='ocrx_word' id='word_1_181' title='bbox 375 1472 425 1508; x_wconf 86' lang='lat' dir='ltr'>sic</span> <span class='ocrx_word' id='word_1_182' title='bbox 453 1473 628 1508; x_wconf 89' lang='lat' dir='ltr'>dicuntur</span> <span class='ocrx_word' id='word_1_183' title='bbox 655 1485 677 1508; x_wconf 88' lang='lat' dir='ltr'>a</span> <span class='ocrx_word' id='word_1_184' title='bbox 705 1473 839 1508; x_wconf 85' lang='lat' dir='ltr'>Stoicis</span> <span class='ocrx_word' id='word_1_185' title='bbox 865 1472 1211 1521; x_wconf 87' lang='lat' dir='ltr'>concludunturque</span> <span class='ocrx_word' id='word_1_186' title='bbox 1232 1480 1379 1509; x_wconf 91' lang='lat' dir='ltr'>contor-</span> 
     </span>
     <span class='ocr_line' id='line_1_28' title="bbox 203 1525 1378 1573; baseline 0.003 -13"><span class='ocrx_word' id='word_1_187' title='bbox 203 1526 289 1560; x_wconf 89' lang='lat' dir='ltr'>tius.</span> <span class='ocrx_word' id='word_1_188' title='bbox 347 1525 420 1561; x_wconf 89' lang='lat' dir='ltr'>Sed</span> <span class='ocrx_word' id='word_1_189' title='bbox 450 1525 561 1561; x_wconf 89' lang='lat' dir='ltr'>latius</span> <span class='ocrx_word' id='word_1_190' title='bbox 594 1526 784 1573; x_wconf 89' lang='lat' dir='ltr'>aliquanto</span> <span class='ocrx_word' id='word_1_191' title='bbox 813 1525 968 1561; x_wconf 82' lang='lat' dir='ltr'>dicenda</span> <span class='ocrx_word' id='word_1_192' title='bbox 997 1534 1084 1561; x_wconf 86' lang='lat' dir='ltr'>sunt</span> <span class='ocrx_word' id='word_1_193' title='bbox 1117 1534 1154 1562; x_wconf 85' lang='lat' dir='ltr'>et</span> <span class='ocrx_word' id='word_1_194' title='bbox 1185 1526 1378 1564; x_wconf 83' lang='lat' dir='ltr'>diffusius:</span> 
     </span>
     <span class='ocr_line' id='line_1_29' title="bbox 203 1579 1380 1626; baseline 0.003 -13"><span class='ocrx_word' id='word_1_195' title='bbox 203 1579 395 1614; x_wconf 85' lang='lat' dir='ltr'>sententiis</span> <span class='ocrx_word' id='word_1_196' title='bbox 408 1586 531 1615; x_wconf 84' lang='lat' dir='ltr'>tamen</span> <span class='ocrx_word' id='word_1_197' title='bbox 544 1580 721 1615; x_wconf 86' lang='lat' dir='ltr'>utendum</span> <span class='ocrx_word' id='word_1_198' title='bbox 737 1591 864 1614; x_wconf 90' lang='lat' dir='ltr'>eorum</span> <span class='ocrx_word' id='word_1_199' title='bbox 878 1579 1125 1626; x_wconf 84' lang='lat' dir='ltr'>potissimum,</span> <span class='ocrx_word' id='word_1_200' title='bbox 1140 1579 1204 1626; x_wconf 88' lang='lat' dir='ltr'>qui</span> <span class='ocrx_word' id='word_1_201' title='bbox 1216 1580 1380 1616; x_wconf 81' lang='lat' dir='ltr'>maxime</span> 
     </span>
     <span class='ocr_line' id='line_1_30' title="bbox 202 1631 1379 1680; baseline 0.002 -14"><span class='ocrx_word' id='word_1_202' title='bbox 202 1631 287 1667; x_wconf 89' lang='lat' dir='ltr'>forti</span> <span class='ocrx_word' id='word_1_203' title='bbox 318 1638 366 1675; x_wconf 87' lang='lat' dir='ltr'>et,</span> <span class='ocrx_word' id='word_1_204' title='bbox 388 1639 429 1667; x_wconf 91' lang='lat' dir='ltr'>ut</span> <span class='ocrx_word' id='word_1_205' title='bbox 458 1633 509 1668; x_wconf 88' lang='lat' dir='ltr'>ita</span> <span class='ocrx_word' id='word_1_206' title='bbox 541 1633 672 1676; x_wconf 83' lang='lat' dir='ltr'>dicam,</span> <span class='ocrx_word' id='word_1_207' title='bbox 694 1632 791 1668; x_wconf 84' lang='lat' dir='ltr'>virili</span> <span class='ocrx_word' id='word_1_208' title='bbox 817 1639 975 1668; x_wconf 89' lang='lat' dir='ltr'>utuntur</span> <span class='ocrx_word' id='word_1_209' title='bbox 1000 1633 1140 1668; x_wconf 86' lang='lat' dir='ltr'>ratione</span> <span class='ocrx_word' id='word_1_210' title='bbox 1163 1639 1275 1680; x_wconf 86' lang='lat' dir='ltr'>atque</span> <span class='ocrx_word' id='word_1_211' title='bbox 1295 1645 1379 1668; x_wconf 92' lang='lat' dir='ltr'>sen-</span> 
     </span>
     <span class='ocr_line' id='line_1_31' title="bbox 202 1684 1379 1734; baseline 0.001 -14"><span class='ocrx_word' id='word_1_212' title='bbox 202 1684 331 1720; x_wconf 82' lang='lat' dir='ltr'>tentia.</span> <span class='ocrx_word' id='word_1_213' title='bbox 391 1685 485 1720; x_wconf 77' lang='lat' dir='ltr'>Nam</span> <span class='ocrx_word' id='word_1_214' title='bbox 509 1685 753 1734; x_wconf 82' lang='lat' dir='ltr'>Peripatetici,</span> <span class='ocrx_word' id='word_1_215' title='bbox 775 1685 968 1721; x_wconf 85' lang='lat' dir='ltr'>familiares</span> <span class='ocrx_word' id='word_1_216' title='bbox 990 1687 1116 1728; x_wconf 87' lang='lat' dir='ltr'>nostri,</span> <span class='ocrx_word' id='word_1_217' title='bbox 1137 1685 1273 1733; x_wconf 88' lang='lat' dir='ltr'>quibus</span> <span class='ocrx_word' id='word_1_218' title='bbox 1286 1685 1379 1722; x_wconf 89' lang='lat' dir='ltr'>nihil</span> 
     </span>
     <span class='ocr_line' id='line_1_32' title="bbox 204 1738 1380 1786; baseline 0.001 -13"><span class='ocrx_word' id='word_1_219' title='bbox 204 1745 260 1773; x_wconf 80' lang='lat' dir='ltr'>est</span> <span class='ocrx_word' id='word_1_220' title='bbox 287 1738 449 1781; x_wconf 90' lang='lat' dir='ltr'>uberius,</span> <span class='ocrx_word' id='word_1_221' title='bbox 471 1739 562 1774; x_wconf 88' lang='lat' dir='ltr'>nihil</span> <span class='ocrx_word' id='word_1_222' title='bbox 591 1739 781 1782; x_wconf 84' lang='lat' dir='ltr'>eruditius,</span> <span class='ocrx_word' id='word_1_223' title='bbox 807 1738 902 1774; x_wconf 87' lang='lat' dir='ltr'>nihil</span> <span class='ocrx_word' id='word_1_224' title='bbox 929 1739 1089 1786; x_wconf 84' lang='lat' dir='ltr'>gravius,</span> <span class='ocrx_word' id='word_1_225' title='bbox 1109 1739 1380 1775; x_wconf 81' lang='lat' dir='ltr'>mediocritates</span> 
     </span>
     <span class='ocr_line' id='line_1_33' title="bbox 206 1791 1379 1838; baseline 0.003 -14"><span class='ocrx_word' id='word_1_226' title='bbox 206 1791 262 1825; x_wconf 91' lang='lat' dir='ltr'>vel</span> <span class='ocrx_word' id='word_1_227' title='bbox 283 1792 600 1838; x_wconf 82' lang='lat' dir='ltr'>perturbationum</span> <span class='ocrx_word' id='word_1_228' title='bbox 622 1792 680 1828; x_wconf 89' lang='lat' dir='ltr'>vel</span> <span class='ocrx_word' id='word_1_229' title='bbox 699 1793 911 1827; x_wconf 88' lang='lat' dir='ltr'>morborum</span> <span class='ocrx_word' id='word_1_230' title='bbox 930 1792 1043 1827; x_wconf 86' lang='lat' dir='ltr'>animi</span> <span class='ocrx_word' id='word_1_231' title='bbox 1071 1792 1160 1827; x_wconf 88' lang='lat' dir='ltr'>mihi</span> <span class='ocrx_word' id='word_1_232' title='bbox 1188 1804 1261 1828; x_wconf 89' lang='lat' dir='ltr'>non</span> <span class='ocrx_word' id='word_1_233' title='bbox 1292 1804 1379 1828; x_wconf 83' lang='lat' dir='ltr'>sane</span> 
     </span>
     <span class='ocr_line' id='line_1_34' title="bbox 203 1844 1378 1890; baseline 0.002 -12"><span class='ocrx_word' id='word_1_234' title='bbox 203 1844 373 1890; x_wconf 81' lang='lat' dir='ltr'>probant.</span> <span class='ocrx_word' id='word_1_235' title='bbox 433 1846 554 1880; x_wconf 88' lang='lat' dir='ltr'>Omne</span> <span class='ocrx_word' id='word_1_236' title='bbox 583 1846 679 1881; x_wconf 87' lang='lat' dir='ltr'>enim</span> <span class='ocrx_word' id='word_1_237' title='bbox 709 1845 861 1888; x_wconf 90' lang='lat' dir='ltr'>malum,</span> <span class='ocrx_word' id='word_1_238' title='bbox 883 1845 992 1880; x_wconf 87' lang='lat' dir='ltr'>etiam</span> <span class='ocrx_word' id='word_1_239' title='bbox 1022 1846 1217 1888; x_wconf 89' lang='lat' dir='ltr'>mediocre,</span> <span class='ocrx_word' id='word_1_240' title='bbox 1239 1845 1378 1881; x_wconf 88' lang='lat' dir='ltr'>malum</span> 
     </span>
     <span class='ocr_line' id='line_1_35' title="bbox 203 1898 1380 1946; baseline 0.002 -15"><span class='ocrx_word' id='word_1_241' title='bbox 203 1903 281 1940; x_wconf 85' lang='lat' dir='ltr'>est;</span> <span class='ocrx_word' id='word_1_242' title='bbox 313 1909 379 1932; x_wconf 91' lang='lat' dir='ltr'>nos</span> <span class='ocrx_word' id='word_1_243' title='bbox 399 1905 522 1933; x_wconf 78' lang='lat' dir='ltr'>autem</span> <span class='ocrx_word' id='word_1_244' title='bbox 543 1899 578 1933; x_wconf 87' lang='lat' dir='ltr'>id</span> <span class='ocrx_word' id='word_1_245' title='bbox 599 1899 755 1946; x_wconf 81' lang='lat' dir='ltr'>agimus,</span> <span class='ocrx_word' id='word_1_246' title='bbox 776 1904 818 1934; x_wconf 87' lang='lat' dir='ltr'>ut</span> <span class='ocrx_word' id='word_1_247' title='bbox 841 1899 878 1933; x_wconf 95' lang='lat' dir='ltr'>id</span> <span class='ocrx_word' id='word_1_248' title='bbox 901 1899 936 1933; x_wconf 92' lang='lat' dir='ltr'>in</span> <span class='ocrx_word' id='word_1_249' title='bbox 967 1899 1130 1946; x_wconf 85' lang='lat' dir='ltr'>sapiente</span> <span class='ocrx_word' id='word_1_250' title='bbox 1158 1898 1303 1934; x_wconf 85' lang='lat' dir='ltr'>nullum</span> <span class='ocrx_word' id='word_1_251' title='bbox 1332 1898 1380 1934; x_wconf 84' lang='lat' dir='ltr'>sit</span> 
     </span>
     <span class='ocr_line' id='line_1_36' title="bbox 203 1950 1379 1999; baseline 0.003 -15"><span class='ocrx_word' id='word_1_252' title='bbox 203 1950 366 1986; x_wconf 91' lang='lat' dir='ltr'>omnino.</span> <span class='ocrx_word' id='word_1_253' title='bbox 425 1951 521 1986; x_wconf 85' lang='lat' dir='ltr'>Nam</span> <span class='ocrx_word' id='word_1_254' title='bbox 553 1959 595 1987; x_wconf 88' lang='lat' dir='ltr'>ut</span> <span class='ocrx_word' id='word_1_255' title='bbox 623 1964 768 1999; x_wconf 56' lang='lat' dir='ltr'>corium,</span> <span class='ocrx_word' id='word_1_256' title='bbox 789 1952 899 1987; x_wconf 89' lang='lat' dir='ltr'>etiam</span> <span class='ocrx_word' id='word_1_257' title='bbox 926 1951 955 1987; x_wconf 89' lang='lat' dir='ltr'>si</span> <span class='ocrx_word' id='word_1_258' title='bbox 980 1952 1209 1987; x_wconf 87' lang='lat' dir='ltr'>mediocriter</span> <span class='ocrx_word' id='word_1_259' title='bbox 1237 1963 1379 1999; x_wconf 85' lang='lat' dir='ltr'>aegrum</span> 
     </span>
     <span class='ocr_line' id='line_1_37' title="bbox 203 2004 1380 2046; baseline 0.002 -8"><span class='ocrx_word' id='word_1_260' title='bbox 203 2010 271 2046; x_wconf 89' lang='lat' dir='ltr'>est,</span> <span class='ocrx_word' id='word_1_261' title='bbox 291 2016 422 2039; x_wconf 85' lang='lat' dir='ltr'>sanum</span> <span class='ocrx_word' id='word_1_262' title='bbox 441 2016 514 2039; x_wconf 87' lang='lat' dir='ltr'>non</span> <span class='ocrx_word' id='word_1_263' title='bbox 535 2012 615 2040; x_wconf 90' lang='lat' dir='ltr'>est:</span> <span class='ocrx_word' id='word_1_264' title='bbox 646 2005 696 2040; x_wconf 89' lang='lat' dir='ltr'>sic</span> <span class='ocrx_word' id='word_1_265' title='bbox 717 2005 896 2040; x_wconf 84' lang='lat' dir='ltr'>inanimo</span> <span class='ocrx_word' id='word_1_266' title='bbox 924 2005 994 2040; x_wconf 84' lang='lat' dir='ltr'>ista</span> <span class='ocrx_word' id='word_1_267' title='bbox 1022 2004 1253 2040; x_wconf 87' lang='lat' dir='ltr'>mediocritas</span> <span class='ocrx_word' id='word_1_268' title='bbox 1282 2011 1380 2040; x_wconf 85' lang='lat' dir='ltr'>caret</span> 
     </span>
     <span class='ocr_line' id='line_1_38' title="bbox 203 2056 374 2092; baseline 0.012 -2"><span class='ocrx_word' id='word_1_269' title='bbox 203 2056 374 2092; x_wconf 87' lang='lat' dir='ltr'>sanitate.</span> 
     </span>
    </p>

    <p class='ocr_par' dir='ltr' id='par_1_8' title="bbox 204 2108 1379 2212">
     <span class='ocr_line' id='line_1_39' title="bbox 257 2108 1378 2158; baseline -0.001 -13"><span class='ocrx_word' id='word_1_270' title='bbox 257 2108 389 2157; x_wconf 84' lang='lat' dir='ltr'>Itaque</span> <span class='ocrx_word' id='word_1_271' title='bbox 409 2110 581 2158; x_wconf 79' lang='lat' dir='ltr'>praeclare</span> <span class='ocrx_word' id='word_1_272' title='bbox 600 2111 727 2153; x_wconf 84' lang='lat' dir='ltr'>nostri,</span> <span class='ocrx_word' id='word_1_273' title='bbox 744 2117 786 2147; x_wconf 88' lang='lat' dir='ltr'>ut</span> <span class='ocrx_word' id='word_1_274' title='bbox 805 2111 876 2147; x_wconf 84' lang='lat' dir='ltr'>alia</span> <span class='ocrx_word' id='word_1_275' title='bbox 892 2111 1020 2154; x_wconf 87' lang='lat' dir='ltr'>multa,</span> <span class='ocrx_word' id='word_1_276' title='bbox 1037 2110 1254 2150; x_wconf 90' lang='lat' dir='ltr'>molestiam,</span> <span class='ocrx_word' id='word_1_277' title='bbox 1275 2109 1378 2145; x_wconf 88' lang='lat' dir='ltr'>solli-</span> 
     </span>
     <span class='ocr_line' id='line_1_40' title="bbox 204 2161 1379 2212; baseline 0.002 -17"><span class='ocrx_word' id='word_1_278' title='bbox 204 2161 419 2206; x_wconf 84' lang='lat' dir='ltr'>citudinem,</span> <span class='ocrx_word' id='word_1_279' title='bbox 458 2176 632 2212; x_wconf 72' lang='lat' dir='ltr'>angorem</span> <span class='ocrx_word' id='word_1_280' title='bbox 670 2172 817 2211; x_wconf 84' lang='lat' dir='ltr'>propter</span> <span class='ocrx_word' id='word_1_281' title='bbox 860 2164 1138 2200; x_wconf 85' lang='lat' dir='ltr'>similitudinem</span> <span class='ocrx_word' id='word_1_282' title='bbox 1183 2175 1379 2209; x_wconf 85' lang='lat' dir='ltr'>corporum</span> 
     </span>
    </p>
   </div>
   <div class='ocr_carea' id='block_1_6' title="bbox 146 2215 1379 2264">
    <p class='ocr_par' dir='ltr' id='par_1_9' title="bbox 146 2215 1379 2264">
     <span class='ocr_line' id='line_1_41' title="bbox 146 2215 1379 2264; baseline -0.002 -12"><span class='ocrx_word' id='word_1_283' title='bbox 146 2223 186 2252; x_wconf 83' lang='lat'>23</span> <span class='ocrx_word' id='word_1_284' title='bbox 205 2226 384 2261; x_wconf 80' lang='lat' dir='ltr'>aegrorum</span> <span class='ocrx_word' id='word_1_285' title='bbox 405 2217 663 2264; x_wconf 75' lang='lat' dir='ltr'>aegritudinem</span> <span class='ocrx_word' id='word_1_286' title='bbox 681 2218 978 2254; x_wconf 85' lang='lat' dir='ltr'>nominaverunt.</span> <span class='ocrx_word' id='word_1_287' title='bbox 1017 2218 1098 2252; x_wconf 92' lang='lat' dir='ltr'>Hoc</span> <span class='ocrx_word' id='word_1_288' title='bbox 1112 2215 1379 2264; x_wconf 87' lang='lat' dir='ltr'>propemodum</span> 
     </span>
    </p>
   </div>
   <div class='ocr_carea' id='block_1_7' title="bbox 201 2268 1379 2425">
    <p class='ocr_par' dir='ltr' id='par_1_10' title="bbox 201 2268 1379 2425">
     <span class='ocr_line' id='line_1_42' title="bbox 206 2268 1375 2318; baseline 0.002 -17"><span class='ocrx_word' id='word_1_289' title='bbox 206 2268 315 2303; x_wconf 88' lang='lat' dir='ltr'>verbo</span> <span class='ocrx_word' id='word_1_290' title='bbox 347 2270 469 2305; x_wconf 70' lang='lat' dir='ltr'>Grzeci</span> <span class='ocrx_word' id='word_1_291' title='bbox 500 2282 648 2305; x_wconf 87' lang='lat' dir='ltr'>omnem</span> <span class='ocrx_word' id='word_1_292' title='bbox 680 2270 792 2305; x_wconf 84' lang='lat' dir='ltr'>animi</span> <span class='ocrx_word' id='word_1_293' title='bbox 819 2270 1131 2318; x_wconf 85' lang='lat' dir='ltr'>perturbationem</span> <span class='ocrx_word' id='word_1_294' title='bbox 1163 2268 1350 2316; x_wconf 85' lang='lat' dir='ltr'>appellant</span> <span class='ocrx_word' id='word_1_295' title='bbox 1367 2283 1375 2312; x_wconf 88' lang='lat'>;</span> 
     </span>
     <span class='ocr_line' id='line_1_43' title="bbox 202 2322 1379 2370; baseline 0.002 -16"><span class='ocrx_word' id='word_1_296' title='bbox 202 2327 337 2356; x_wconf 80' lang='lat' dir='ltr'>vocant</span> <span class='ocrx_word' id='word_1_297' title='bbox 356 2322 451 2357; x_wconf 83' lang='lat' dir='ltr'>enim</span> <span class='ocrx_word' id='word_1_298' title='bbox 472 2322 600 2366; x_wconf 72' lang='grc' dir='ltr'><strong><em>πάθος,</em></strong></span> <span class='ocrx_word' id='word_1_299' title='bbox 622 2323 658 2358; x_wconf 91' lang='lat' dir='ltr'>id</span> <span class='ocrx_word' id='word_1_300' title='bbox 678 2331 734 2358; x_wconf 86' lang='lat' dir='ltr'>est</span> <span class='ocrx_word' id='word_1_301' title='bbox 753 2325 934 2367; x_wconf 88' lang='lat' dir='ltr'>morbum,</span> <span class='ocrx_word' id='word_1_302' title='bbox 948 2323 1161 2370; x_wconf 89' lang='lat' dir='ltr'>quicunque</span> <span class='ocrx_word' id='word_1_303' title='bbox 1181 2328 1236 2357; x_wconf 88' lang='lat' dir='ltr'>est</span> <span class='ocrx_word' id='word_1_304' title='bbox 1256 2329 1379 2357; x_wconf 88' lang='lat' dir='ltr'>motus</span> 
     </span>
     <span class='ocr_line' id='line_1_44' title="bbox 201 2371 1379 2425; baseline 0.003 -17"><span class='ocrx_word' id='word_1_305' title='bbox 201 2371 241 2408; x_wconf 88' lang='lat' dir='ltr'>in</span> <span class='ocrx_word' id='word_1_306' title='bbox 259 2374 382 2409; x_wconf 85' lang='lat' dir='ltr'>animo</span> <span class='ocrx_word' id='word_1_307' title='bbox 402 2376 586 2413; x_wconf 85' lang='lat' dir='ltr'>turbidus.</span> <span class='ocrx_word' id='word_1_308' title='bbox 643 2376 721 2412; x_wconf 89' lang='lat' dir='ltr'>Nos</span> <span class='ocrx_word' id='word_1_309' title='bbox 741 2376 895 2420; x_wconf 73' lang='lat' dir='ltr'>melius,</span> <span class='ocrx_word' id='word_1_310' title='bbox 918 2376 1026 2425; x_wconf 86' lang='lat' dir='ltr'>aegris</span> <span class='ocrx_word' id='word_1_311' title='bbox 1047 2376 1144 2411; x_wconf 84' lang='lat' dir='ltr'>enim</span> <span class='ocrx_word' id='word_1_312' title='bbox 1165 2374 1379 2423; x_wconf 89' lang='lat' dir='ltr'>corporibus</span> 
     </span>
    </p>
   </div>
  </div>
 </body>
</html>
