1471 2585
125 553 165 581 40

122 1191 160 1221 41

121 2146 160 2175 43

182 123 258 158 104
499 132 703 158 Tuscumm
733 132 1033 158 DISPUTATIONS.
1174 117 1365 169 [40—43.

182 229 312 264 denter
332 234 399 264 aut
416 228 575 276 adeptus
594 227 723 262 efferas
750 234 785 263 te
810 227 1043 263 insolenter?
1072 239 1140 263 nec
1161 240 1268 276 porro
1289 240 1367 264 ma-

184 281 275 325 lum,
297 294 371 329 quo
392 288 457 316 aut
477 280 811 328 oppressusjaceas
832 288 908 323 aut,
930 293 977 316 ne
1002 281 1221 329 opprimare,
1244 288 1367 317 mente

184 336 249 370 vix
270 334 447 370 constes?
482 346 601 382 eaque
632 334 768 377 omnia,
798 342 863 369 aut
884 334 993 369 nimis
1021 334 1140 370 tristia
1166 342 1229 370 aut
1256 334 1367 370 nimis

182 387 284 431 laeta,
305 400 424 423 errore
445 387 551 422 fieri?
609 387 685 425 Qui
717 386 746 422 si
766 400 865 423 error
890 387 1013 422 stultis
1039 395 1266 423 extenuetur
1294 387 1366 432 die,

182 447 236 484 ut,
257 453 373 488 quum
394 453 450 476 res
480 440 620 476 eaedem
651 448 837 484 maneant,
869 440 976 475 aliter
1006 440 1124 476 serant
1152 440 1367 484 inveterata,

182 493 289 529 aliter
316 494 497 530 recentia:
538 494 722 541 sapientes
755 506 801 529 ne
832 493 990 541 attingat
1019 494 1168 541 quidem
1199 494 1365 530 omnino.

185 546 335 582 Etenim
355 547 438 595 quis
458 547 526 582 erit
546 547 694 582 tandem
716 547 848 581 modus
867 546 964 581 iste?
1023 546 1248 585 Quaeramus
1268 548 1366 583 enim

181 601 335 636 modum
368 600 612 648 aegrstudinis,
643 600 679 635 in
715 612 789 647 quo
820 612 942 647 operae
974 599 1174 647 plurimum
1202 601 1364 648 ponitur.

182 653 298 700 AEgre
328 653 456 689 tulisse
482 653 523 690 P.
548 653 744 701 Rupilium
772 653 892 688 fratris
917 653 1106 699 repulsam
1135 654 1365 697 consulatus,

183 707 360 754 scriptum
380 707 480 754 apud
498 706 684 742 Fannium
705 713 771 741 est.
831 706 905 741 Sed
926 714 1047 741 tamen
1069 706 1242 742 transisse
1264 707 1366 742 vide-

182 766 244 795 tur
262 760 427 803 modum,
445 759 585 808 quippe
600 759 664 807 qui
685 760 732 794 ob
745 771 826 794 earn
843 771 1008 795 caussam
1026 772 1045 794 a
1063 759 1137 794 vita
1153 759 1363 804 recesserit3

182 813 407 848 moderatius
427 813 542 861 igitur
560 813 652 848 ferre
673 813 814 848 debuit.
873 812 974 850 Quid
992 812 1006 847 ἲ
1037 813 1079 855 si,
1101 825 1217 860 quum
1239 813 1276 849 id
1294 813 1366 849 ser·

181 872 237 901 ret
273 866 430 909 modice,
462 879 560 902 mors
592 866 791 901 liberorum
824 865 1066 901 accessisset?
1138 866 1235 902 Nata
1269 874 1367 902 esset.

183 919 366 966 aegritudo
399 932 520 963 nova;
563 920 625 954 sed
656 932 698 954 ea
732 919 888 954 modica.
948 918 1087 966 Magna
1116 926 1240 954 tamen
1272 919 1367 955 facta

182 979 280 1008 esset
297 973 471 1008 accessio.
518 972 648 1011 Quid?
680 972 710 1007 si
730 973 862 1007 deinde
878 972 1023 1007 dolores
1043 984 1173 1019 graves
1190 973 1365 1020 corporis,

183 1025 212 1060 si
245 1025 426 1062 bonorum
461 1026 622 1069 amissio,
657 1025 687 1061 si
718 1027 877 1067 caecitas,
913 1026 942 1060 si
970 1025 1172 1061 exsilium?
1230 1026 1271 1061 Si
1301 1038 1366 1074 pro

183 1078 339 1126 singulis
361 1079 466 1115 malis
496 1079 736 1127 {egritudines
765 1078 992 1122 accederent,
1013 1090 1159 1114 summa
1187 1091 1229 1114 ea
1251 1079 1366 1123 fieret,

182 1143 269 1179 quae
290 1145 360 1167 non
384 1133 641 1168 sustineretur.

234 1185 392 1221 XVIII.
435 1185 512 1224 Qui
549 1185 703 1220 modum
742 1184 856 1233 igitur
889 1184 977 1220 vitio
1016 1184 1163 1232 quaerit,
1198 1184 1368 1222 similiter

180 1238 279 1281 facit,
299 1245 342 1274 ut
361 1239 392 1274 si
411 1251 518 1286 posse
547 1246 654 1286 putet
681 1251 779 1280 eum,
801 1239 863 1285 qui
895 1251 933 1273 se
963 1250 982 1272 e
999 1237 1165 1274 Leucata
1191 1238 1362 1286 praecipi-

181 1291 327 1335 taverit‚
349 1292 530 1328 sustinere
557 1304 607 1335 se,
629 1303 745 1338 quum
766 1291 869 1331 velit.
922 1290 976 1326 Ut
1004 1292 1103 1326 enim
1131 1291 1168 1326 id
1195 1303 1270 1327 non
1297 1304 1364 1339 po-

180 1351 266 1388 test,
288 1345 340 1380 sic
358 1345 502 1380 animus
523 1346 760 1392 perturbatus
780 1351 817 1379 et
842 1343 1018 1379 incitatus
1041 1357 1108 1379 nec
1129 1344 1300 1380 cohibere
1326 1357 1364 1380 se

180 1404 303 1445 potest
333 1410 411 1440 nec,
439 1410 516 1445 quo
549 1398 629 1432 loco
664 1397 755 1440 vult,
790 1397 970 1439 insistere,
1005 1397 1245 1445 omninoque,
1276 1410 1364 1445 quae

180 1451 381 1486 crescentia
401 1450 604 1498 perniciosa
628 1457 726 1493 sunt,
747 1450 874 1485 eadem
896 1457 980 1485 sunt
1004 1450 1136 1486 vitiosa
1161 1451 1363 1488 nascentia.

180 1503 381 1552 AEgritudo
405 1510 529 1540 autem
556 1511 764 1551 ceteraeque
791 1503 1099 1551 perturbationeS‚
1126 1504 1363 1552 amplificatae

179 1564 288 1600 certe,
311 1557 494 1605 pestiferae
516 1565 604 1592 sunt
622 1570 631 1599 ;
663 1557 775 1604 igitur
794 1557 904 1592 etiam
925 1564 1108 1604 susceptae
1128 1557 1306 1593 continuo
1326 1558 1364 1594 in

178 1622 313 1658 magna
334 1607 446 1657 pesti's
476 1617 577 1658 parte
599 1617 804 1645 versantur.
863 1609 1012 1645 Etenim
1042 1610 1134 1658 ipsae
1164 1623 1202 1645 se
1230 1610 1363 1658 impel-

178 1662 275 1706 lunt,
295 1663 360 1698 ubi
381 1664 494 1699 semel
515 1676 537 1698 a
556 1663 696 1698 ratione
716 1663 919 1699 discessum
940 1669 1007 1706 est,
1029 1663 1183 1711 ipsaque
1203 1663 1273 1698 sibi
1292 1664 1362 1699 im-

178 1716 360 1752 becillitas
391 1716 561 1764 indulget
595 1716 630 1751 in
669 1716 863 1764 altumque
898 1716 1112 1763 provehitur
1147 1716 1363 1764 imprudens

179 1782 246 1804 nec
265 1770 401 1817 reperit
419 1770 542 1805 locum
570 1770 808 1805 consistendi.
866 1769 990 1807 Quam
1011 1769 1058 1805 ob
1083 1781 1158 1804 rem
1186 1769 1278 1805 nihil
1304 1769 1362 1806 in-

179 1829 302 1866 terest,
340 1830 466 1858 utrum
503 1823 711 1858 moderatas
745 1822 1039 1870 perturbationes
1077 1823 1284 1870 approbent
1315 1835 1362 1858 an

178 1875 404 1911 moderatam
422 1876 655 1924 injustitiam,
677 1877 902 1911 moderatam
918 1875 1117 1923 ignaviam,
1137 1876 1362 1912 moderatam

177 1928 514 1976 intemperantiam.
555 1928 631 1967 Qui
648 1929 746 1963 enirn
761 1928 860 1964 vitiis
879 1929 1030 1964 modum
1052 1929 1217 1976 apponit,
1232 1929 1261 1964 is
1277 1941 1361 1976 par-

178 1988 253 2016 tem
270 1981 424 2030 suscipit
437 1982 625 2017 vitiorum.
665 1982 778 2019 Quod
791 1994 907 2029 quum
924 1982 1044 2029 ipsum
1061 1995 1123 2030 per
1135 1994 1173 2016 se
1189 1982 1361 2017 odiosum

179 2042 246 2077 est,
276 2042 356 2070 tum
386 2047 429 2070 eo
457 2034 662 2077 molestum,
684 2035 771 2081 quia
798 2042 886 2070 sunt
905 2035 941 2070 in
962 2034 1106 2070 lubrico
1134 2034 1361 2082 incitataque

180 2087 292 2123 semel
310 2088 462 2134 proclivi
478 2088 656 2123 labuntur
676 2087 923 2135 sustinerique
940 2087 1043 2123 nullo
1060 2087 1168 2123 modo
1190 2094 1358 2135 possunt.

233 2140 344 2176 XIX.
378 2141 507 2180 Quid?
539 2140 639 2187 quod
666 2140 775 2175 iidem
805 2141 1040 2188 Peripatetici
1066 2141 1360 2188 perturbationes

178 2191 278 2235 istas,
298 2206 390 2240 quas
411 2207 477 2230 nos
503 2193 762 2240 exstirpandas
790 2201 978 2241 putamus,
1008 2206 1079 2229 non
1110 2193 1220 2228 modo
1252 2201 1360 2229 natu-

177 2245 272 2280 rales
306 2259 386 2282 esse
418 2247 557 2289 dicunt,
590 2246 653 2281 sed
687 2247 796 2281 etiam
835 2247 976 2282 utiliter
1008 2258 1029 2281 a
1065 2254 1196 2281 natura
1226 2246 1359 2282 datas?

179 2298 351 2337 Quorum
368 2308 423 2335 est
443 2300 526 2336 talis
546 2299 674 2335 oratio.
734 2298 902 2335 Primum
923 2299 1051 2335 multis
1072 2299 1192 2334 verbis
1212 2299 1359 2334 iracun-

178 2351 275 2386 diam
298 2352 464 2396 laudant,
485 2360 603 2388 cotem
631 2351 859 2387 fortitudinis
888 2364 967 2387 esse
993 2351 1134 2396 dicunt,
1165 2352 1360 2400 multoque

177 2411 214 2441 et
233 2404 271 2440 in
291 2404 435 2441 hostem
456 2413 492 2442 et
518 2406 556 2442 in
584 2405 794 2453 improbum
818 2405 937 2441 civem
966 2404 1261 2442 vehementiores
1289 2405 1360 2442 ira-
