1471 2585
47 108 109 149 97,
132 102 217 154 98.]
380 114 480 140 Boox
504 114 530 139 1.
551 114 668 139 cHAP.
691 105 754 147 40,
774 104 840 139 41.
1180 106 1228 140 33

48 211 128 248 est!
196 209 279 247 Etsi
315 209 414 245 enim
450 209 595 253 fiemus,
631 222 747 257 quum
782 209 954 257 legimus,
992 214 1116 245 tamen
1153 221 1230 245 non

48 264 306 307 miserabiliter
324 263 379 299 vir
397 263 518 299 clarus
545 263 735 299 emoritur.
794 263 870 301 Qui
890 275 1019 310 quum,
1042 262 1231 311 conjectus

50 319 89 354 in
123 329 302 354 carcerem
340 317 490 365 triginta
522 316 633 365 jussu
669 324 926 364 tyrannorum,
966 328 1151 352 venenum
1189 322 1233 352 ut

52 371 179 407 sitiens
198 370 430 413 obduxisset,
451 370 637 418 reliquum
671 370 721 405 sic.
756 383 775 406 e
806 370 938 418 poculo
970 369 1089 417 ejecit,
1119 375 1162 405 ut
1194 369 1233 405 id

50 431 260 467 resonarem
291 436 366 471 quo
387 423 514 459 sonitu
532 424 675 459 reddito
688 424 851 459 arridens
869 437 877 459 t
900 422 1074 472 Propino,
1096 422 1230 470 inquit,

53 477 118 513 hoc
153 478 308 526 pulchro
350 477 493 520 Critiae,
532 477 597 524 qui
633 477 670 512 in
714 489 798 512 eum
837 476 955 512 fuerat
993 476 1230 512 taeterrimus.

54 531 177 566 Graeci
196 531 293 566 enim
323 530 361 566 in
392 530 574 566 conviviis
601 530 722 566 solent
747 529 949 573 nominare,
972 530 1030 565 cui
1056 529 1233 577 poculum

53 584 223 620 tradituri
241 584 326 620 sint.
385 584 494 620 Lusit
513 584 568 619 vir
583 584 752 632 egregius
770 590 936 619 extremo
953 583 1097 630 spiritu,
1116 594 1235 630 quum

47 637 126 686 jam
154 637 369 686 praecordiis
397 644 614 685 conceptam
642 642 797 672 mortem
829 637 1044 679 contineret,
1074 648 1235 683 vereque

54 691 99 734 ei,
119 691 179 727 cui
202 704 387 727 venenum
406 691 640 739 praebiberat,
661 696 816 726 mortem
837 702 917 725 eam
938 697 993 725 est
1018 696 1233 738 auguratus,

54 756 140 792 quae
172 745 276 780 brevi
308 750 506 780 consecuta
539 751 607 780 est.
665 743 762 782 Quis
798 743 894 779 hanc
931 743 1043 778 animi
1080 742 1235 778 maximi
1254 748 1293 778 97

55 797 271 846 aequitatem
302 798 341 834 in
372 797 454 845 ipsa
485 805 603 834 morte
632 797 813 840 laudaret,
847 797 877 832 si
906 803 1064 832 mortem
1093 796 1236 831 malum

49 851 260 899 judicaret?
316 851 432 887 Vadit
449 851 487 886 in
506 851 663 887 eundem
684 862 865 886 carcerem
885 856 997 898 atque
1019 850 1056 885 in
1076 849 1237 885 eundem

55 905 183 953 paucis
203 910 288 953 post
305 905 412 941 annis
432 905 615 953 scyphum
637 905 805 940 Socrates
825 904 953 939 eodem
984 903 1118 939 scelere
1133 902 1236 951 judi-

55 971 152 1003 cum,
175 971 250 1006 quo
266 965 508 1007 tyrannorum
530 958 792 994 Theramenes.
842 957 942 995 Quae
958 962 1014 993 est
1028 956 1142 1004 igitur
1157 955 1238 1004 ejus

56 1013 184 1055 oratio,
205 1025 280 1060 qua
297 1012 383 1048 facit
397 1025 483 1048 eum
500 1012 608 1048 Plato
622 1023 734 1047 usum
751 1011 848 1059 apud
856 1010 1014 1059 judices,
1025 1010 1105 1058 jam
1121 1015 1239 1045 morte

54 1065 255 1101 multatum
268 1065 282 1101 ’ἒ

110 1118 217 1154 XLI.
250 1119 429 1167 “Magna
456 1131 527 1161 me,
556 1118 691 1166 inquit,
722 1130 805 1166 spes
837 1123 950 1160 tenet,
966 1117 1124 1165 judices,
1144 1117 1239 1152 bene

57 1172 149 1208 mihi
169 1172 329 1215 evenire,
342 1172 442 1220 quod
459 1172 584 1207 mittar
599 1172 646 1207 ad
665 1179 834 1206 mortem.
891 1170 1052 1206 Necesse
1072 1177 1128 1205 est
1141 1169 1240 1205 enim

58 1225 106 1261 sit
135 1225 295 1261 alterum
328 1226 373 1261 de
398 1225 565 1261 duobus:
595 1230 638 1260 ut
666 1231 732 1260 aut
764 1236 894 1260 sensus
925 1223 1077 1259 omnino
1111 1234 1240 1258 omnes

58 1291 156 1315 mors
175 1279 327 1321 auferat,
347 1285 412 1314 aut
431 1278 468 1313 in
488 1278 604 1314 alium
624 1278 809 1325 quendam
833 1277 958 1312 locum
987 1289 1033 1311 ex
1064 1276 1122 1311 his
1150 1275 1241 1311 locis

58 1339 176 1368 morte
195 1333 384 1381 migretur.
442 1331 708 1374 Quamobrem,
730 1331 806 1366 sive
826 1342 956 1365 sensus
976 1329 1242 1377 exstinguitur,

59 1398 233 1433 morsque
263 1385 296 1421 ei
321 1397 450 1421 somno
481 1385 611 1421 similis
640 1391 707 1428 est,
729 1384 795 1432 qui
819 1395 1102 1430 nonnumquam
1131 1382 1243 1418 etiam

61 1438 140 1475 sine
161 1439 249 1475 visis
269 1439 495 1475 somniorum
523 1438 810 1486 placatissimam
839 1437 1002 1484 quietem
1032 1436 1163 1471 affert:
1193 1434 1245 1470 dii

60 1492 170 1528 boni!
192 1493 282 1540 quid
300 1493 393 1528 lucri
413 1498 468 1527 est
487 1491 625 1527 emori!
656 1498 721 1527 aut
739 1502 850 1538 quam
870 1489 979 1525 multi
999 1490 1076 1525 dies
1095 1488 1246 1536 reperiri

63 1553 230 1592 possunt,
265 1546 331 1593 qui
361 1546 424 1581 tali
456 1545 556 1581 nocti
585 1543 885 1592 anteponantur?
942 1542 1013 1578 Cui
1047 1542 1076 1578 si
1114 1541 1245 1578 similis

62 1599 188 1634 futura
206 1606 262 1635 est
280 1599 507 1647 perpetuitas
528 1598 648 1634 omnis
669 1597 932 1644 consequentis
952 1595 1140 1643 temporis,
1161 1594 1245 1643 quis

63 1664 122 1688 me
142 1652 308 1688 beatior?
366 1653 431 1688 Sin
452 1664 538 1687 vera
557 1658 656 1695 sunt,
677 1663 763 1698 quae
782 1651 966 1693 dicuntur,
987 1649 1245 1697 migrationem
1263 1654 1303 1684 98

63 1718 143 1741 esse
173 1713 329 1742 mortem
361 1706 399 1741 in
431 1717 491 1741 eas
518 1718 611 1748 oras,
632 1717 737 1752 quas,
758 1703 823 1751 qui
849 1715 867 1738 e
897 1703 975 1738 vita
993 1708 1244 1745 excesserunt,

64 1759 256 1795 incolunt:
278 1759 315 1795 id
335 1759 454 1794 multo
469 1758 548 1806 jam
567 1758 711 1794 beatius
731 1763 799 1792 est.
857 1756 971 1799 Tene,
989 1767 1105 1802 quum
1125 1755 1170 1790 ab
1187 1754 1245 1799 iis,

65 1812 129 1859 qui
159 1825 197 1848 se
222 1812 393 1860 judicum
422 1824 576 1847 numero
604 1810 731 1846 haberi
751 1810 893 1852 volunt,
916 1808 1087 1851 evaseris,
1109 1808 1154 1843 ad
1184 1820 1246 1843 eos

68 1865 202 1908 venire,
223 1866 287 1913 qui
319 1879 404 1901 vere
433 1865 578 1913 judices
607 1863 852 1912 appellentur,
885 1862 1065 1905 Minoem,
1094 1861 1247 1897 Rhada-

65 1919 273 1961 manthum,
295 1919 467 1961 AEacum‚
488 1918 774 1965 Triptolemum,
796 1915 1067 1963 convenireque
1088 1928 1163 1958 eos,
1184 1914 1249 1962 qui

62 1971 164 2019 juste
184 1979 221 2008 et
239 1985 324 2008 cum
345 1973 418 2007 fide
437 1971 630 2006 vixerint?
677 1970 773 2006 Haec
789 1969 1034 2017 peregrinatio
1053 1967 1248 2003 mediocris

68 2025 172 2061 vobis
202 2026 317 2061 videri
346 2024 496 2073 potest?
554 2023 610 2059 Ut
644 2036 728 2059 vero
765 2022 926 2070 colloqui
962 2034 1046 2058 cum
1086 2019 1247 2068 Orpheo,

68 2078 228 2122 Musaeo,
251 2079 428 2122 Homero,
454 2076 618 2112 Hesiodo
649 2077 770 2120 liceat,
801 2076 930 2123 quanti
965 2075 1113 2110 tandem
1148 2072 1248 2109 aesti-

68 2131 178 2167 matis
195 2132 208 2167 ’ἒ
266 2132 453 2179 Equidem
475 2142 576 2178 saepe
595 2130 721 2173 emori,
742 2130 772 2165 si
792 2129 869 2165 fieri
889 2134 1026 2176 posset,
1043 2126 1189 2170 vellem,
1205 2132 1250 2162 ut

68 2197 122 2229 ea,
153 2197 239 2232 quae
273 2185 368 2228 dico,
390 2184 481 2220 mihi
513 2183 642 2219 liceret
670 2183 848 2219 invenire.
906 2181 1058 2219 Quanta
1087 2179 1248 2215 delecta-

69 2237 167 2273 tione
187 2244 311 2274 autem
331 2238 504 2280 afficerer,
526 2249 641 2284 quum
672 2236 923 2277 Palamedem,
944 2245 1059 2281 quum
1081 2232 1248 2281 Ajacem,

68 2302 186 2338 quum
220 2291 311 2327 alios
336 2290 478 2339 judicio
514 2290 643 2338 iniquo
680 2289 950 2326 circumventos
988 2286 1222 2322 convenirem
1240 2286 1247 2322 ἰ

70 2344 268 2380 Tentarem
287 2345 397 2380 etiam
419 2343 554 2379 summi
574 2343 682 2391 regis,
703 2342 768 2390 qui
787 2340 971 2376 maximas
988 2340 1111 2387 copias
1140 2338 1251 2374 duxit

71 2397 117 2432 ad
137 2397 298 2446 Trojam,
319 2403 356 2434 et
376 2396 486 2433 Ulixi
506 2396 734 2445 Sisyphique
754 2393 1003 2443 prudentiam,
1016 2405 1084 2428 nec
1103 2392 1150 2428 ob
1170 2403 1251 2428 eam
