1471 2585
79 73 142 116 60,
164 68 248 120 61.]
422 82 526 107 BOOK
556 82 607 106 1v.
631 81 746 106 cuAP.
771 71 833 114 27,
855 73 918 106 28.
1189 73 1257 107 111

77 177 261 214 invidenti
289 176 498 213 adhibenda
529 176 726 213 medicina.
785 176 856 212 Est
884 176 995 212 etiam
1023 176 1060 212 in
1088 176 1262 213 omnibus

80 238 259 280 quattuor
277 230 619 279 perturbationibus
638 230 703 266 illa
722 230 910 266 distinctio
928 244 936 267 ε
967 236 1093 266 utrum
1113 230 1159 265 ad
1178 230 1262 265 uni-

60 291 63 293 '
80 297 222 320 versam
243 283 572 332 perturbationem,
593 296 679 331 quae
700 290 756 319 est
775 283 1008 331 adspernatio
1028 283 1178 319 rationis
1198 290 1264 319 aut

78 337 268 386 appetitus
298 337 563 380 vehementior,
594 350 640 372 an
671 337 716 372 ad
748 336 926 384 singulas,
955 344 998 373 ut
1031 337 1076 372 ad
1107 343 1261 381 metum,

48 421 57 422 ff
78 390 284 434 libidinem,
309 390 482 438 reliquas,
504 390 637 426 melius
665 390 886 426 adhibeatur
914 390 1042 433 oratio,
1071 396 1108 425 et
1136 396 1262 425 utrum

78 443 220 480 illudne
249 457 325 479 non
357 444 525 479 videatur
553 456 651 491 aegre
684 443 894 488 ferundum,
919 456 967 479 ex
993 456 1068 491 quo
1092 450 1264 491 suscepta

79 496 128 533 sit
146 497 341 545 aegritudo,
363 510 408 533 an
440 497 606 532 omnium
635 509 757 533 rerum
788 497 953 532 tollenda
980 497 1133 532 omnino
1153 496 1263 544 aegri-

79 550 195 595 tudo;
226 557 281 595 ut,
317 550 347 586 si
379 550 462 599 quis
494 563 591 598 aegre
622 551 725 594 ferat,
757 562 795 585 se
824 562 1025 598 pauperem
1056 563 1148 593 esse,
1178 550 1265 586 idne

78 603 259 652 disputes,
294 610 551 652 paupertatem
585 603 726 639 malum
759 615 834 639 non
868 616 960 647 esse,
997 616 1043 639 an
1074 603 1264 639 hominem

79 669 178 705 aegre
197 657 289 693 ferre
316 657 408 693 nihil
437 664 616 705 oportere.
674 656 861 692 Nimirum
889 657 958 693 hoc
987 657 1133 700 melius,
1154 670 1213 702 ne,
1233 656 1265 693 si

78 710 174 746 forte
194 711 238 746 de
260 717 475 759 paupertate
495 723 570 746 non
598 710 834 759 persuaseriS‚
856 711 904 746 sit
932 711 1147 758 aegritudini
1176 723 1265 746 con-

79 764 286 800 cedendum
301 779 310 807 ;
334 764 554 812 aegritudine
568 771 693 799 autem
706 763 856 800 sublata
867 764 1023 812 propriis
1043 764 1263 807 rationibus,

81 817 219 865 quibus
238 817 317 853 heri
335 818 394 853 usi
413 830 555 862 sumus,
577 817 739 866 quodam
759 817 871 853 modo
900 819 1010 854 etiam
1036 817 1266 866 paupertatis

80 871 222 906 malum
243 871 398 907 tollitur.

133 924 331 961 XXVIII.
364 925 437 960 Sed
457 923 578 960 omnis
594 924 674 973 ejus
694 923 794 960 modi
813 924 1040 972 perturbatio
1054 923 1167 959 animi
1183 923 1264 971 pla·
1285 930 1324 960 60

81 978 226 1013 catione
245 978 419 1014 abluatur
439 978 503 1014 illa
530 978 694 1025 quidem,
716 989 833 1025 quum
860 978 1004 1021 doceas,
1025 990 1092 1012 nee
1122 978 1266 1013 bonum

80 1030 178 1066 illud
197 1044 287 1074 esse,
309 1044 356 1067 ex
377 1044 452 1079 quo
470 1031 602 1067 laetitia
621 1038 686 1067 aut
704 1031 819 1067 libido
846 1031 995 1074 oriatur,
1015 1043 1082 1066 nec
1111 1030 1264 1075 malum,

81 1096 131 1120 ex
151 1096 227 1132 quo
247 1090 313 1120 aut
331 1092 453 1120 metus
473 1092 537 1120 aut
565 1084 760 1132 aegritudo.
816 1083 1073 1120 Veruntamen
1100 1084 1182 1120 haec
1211 1090 1268 1120 est

82 1144 182 1173 certa
201 1144 238 1173 et
265 1137 413 1186 propria
442 1137 595 1180 sanatio,
616 1137 647 1173 si
676 1138 820 1180 doceas,
841 1137 940 1185 ipsas
968 1137 1267 1185 perturbationes

81 1202 148 1239 per
178 1203 215 1226 se
248 1203 328 1227 esse
360 1191 511 1227 vitiosas
540 1203 608 1226 nec
633 1191 768 1226 habere
792 1190 990 1238 quicquam
1014 1197 1079 1226 aut
1097 1190 1267 1227 naturale

82 1249 149 1280 aut
163 1244 435 1288 necessarium;
467 1251 509 1280 ut
527 1244 645 1292 ipsam
667 1243 928 1292 aegritudinem
956 1244 1062 1279 leniri
1082 1243 1265 1288 videmus,

82 1309 203 1345 quum
230 1297 426 1346 objicimus
456 1297 700 1333 maerentibus
727 1296 1018 1333 imbecillitatem
1043 1297 1157 1332 animi
1177 1297 1266 1333 effe-

81 1350 225 1395 minati,
245 1363 437 1399 quumque
456 1363 585 1386 eorum
604 1350 823 1398 gravitatem
843 1350 1165 1398 constantiamque
1184 1350 1266 1386 lau-

81 1404 227 1448 damus,
259 1404 322 1452 qui
353 1417 427 1440 non
458 1404 673 1440 turbulente
704 1404 870 1439 humana
895 1403 1095 1451 patiantur.
1153 1403 1268 1442 Quod

82 1457 233 1505 quidem
254 1458 347 1493 solet
365 1458 418 1493 eis
437 1458 546 1493 etiam
567 1457 741 1500 accidere,
763 1457 828 1504 qui
855 1457 918 1492 illa
946 1458 1043 1492 mala
1071 1469 1151 1492 esse
1179 1470 1267 1493 cen-

84 1517 178 1555 sent,
213 1510 363 1547 ferenda
391 1517 514 1547 tamen
547 1523 658 1558 aequo
696 1510 819 1546 animo
856 1509 1092 1546 arbitrantur.
1152 1510 1268 1547 Putat

82 1563 233 1612 aliquis,
251 1577 331 1600 esse
353 1564 582 1612 voluptatem
602 1565 757 1608 bonum,
777 1564 872 1599 alius
891 1570 1028 1607 autem,
1048 1564 1266 1611 pecuniam:

81 1623 210 1654 tamen
229 1623 267 1653 et
284 1617 346 1653 ille
366 1617 412 1654 ab
431 1618 718 1666 intemperantia
736 1625 772 1653 et
792 1616 851 1652 hic
874 1617 920 1652 ab
949 1617 1102 1653 avaritia
1122 1617 1269 1653 avocari

82 1677 219 1719 potest.

139 1724 213 1759 Illa
231 1730 356 1760 autem
376 1724 490 1760 altera
508 1724 600 1760 ratio
621 1730 658 1760 et
676 1722 804 1766 oratio,
826 1735 913 1770 quae
934 1723 1044 1758 simul
1066 1729 1103 1758 et
1121 1722 1267 1771 opinio-

83 1788 171 1812 nem
189 1777 319 1813 falsam
340 1778 436 1813 tollit
455 1783 492 1812 et
510 1777 770 1825 aegritudinem
789 1775 959 1819 detrahit,
981 1783 1037 1812 est
1056 1789 1099 1812 ea
1118 1777 1269 1825 quidem

84 1830 224 1874 utilior,
246 1830 309 1865 sed
329 1843 409 1865 raro
429 1831 574 1878 proficit
593 1842 713 1878 neque
734 1836 790 1865 est
808 1829 854 1864 ad
878 1829 1015 1878 vulgus
1044 1830 1266 1866 adhibenda.

87 1883 273 1922 Quaedam
293 1890 418 1919 autem
439 1889 527 1919 sunt
545 1882 800 1931 aegritudines,
816 1894 908 1930 quas
926 1882 1048 1918 levare
1068 1882 1132 1919 illa
1150 1883 1267 1919 medi·
1287 1890 1325 1921 61

85 1936 169 1973 cina
188 1936 293 1972 nullo
313 1937 424 1972 modo
445 1937 584 1984 possit3
618 1944 669 1979 ut,
692 1936 721 1971 si
749 1935 834 1983 quis
867 1948 964 1984 aegre
994 1936 1098 1979 ferat,
1119 1937 1211 1972 nihil
1230 1937 1269 1972 in

87 2002 125 2025 se
145 2002 226 2025 esse
244 1989 405 2032 virtutis,
427 1989 519 2024 nihil
539 1989 664 2033 animi,
685 1989 777 2024 nihil
797 1989 918 2032 officii,
939 1989 1033 2025 nihil
1052 1989 1269 2033 honestatis,

85 2050 236 2091 propter
255 2043 353 2078 mala
372 2043 403 2078 is
422 2042 573 2090 quidem
593 2050 761 2091 angatur,
780 2043 845 2078 sed
864 2042 937 2078 alia
962 2043 1135 2090 quaedam
1158 2043 1205 2078 sit
1224 2043 1271 2079 ad

87 2108 172 2132 eum
193 2096 426 2131 admovenda
445 2096 584 2131 curatio
604 2103 641 2131 et
661 2096 744 2132 talis
764 2095 927 2144 quidem,
949 2108 1034 2142 quae
1054 2096 1172 2143 possit
1191 2108 1271 2132 esse

88 2149 269 2193 omnium,
290 2149 401 2184 etiam
430 2149 475 2184 de
504 2149 632 2184 ceteris
651 2150 762 2185 rebus
780 2148 1082 2196 discrepantium,
1104 2149 1270 2196 philoso-

87 2201 258 2250 phorum.
318 2202 422 2238 Inter
441 2215 570 2238 omnes
590 2203 689 2238 enim
709 2202 907 2238 convenire
928 2208 1084 2248 oportet,
1107 2215 1271 2238 commo-

87 2255 208 2291 tiones
228 2255 437 2291 animorum
456 2268 476 2290 a
496 2262 594 2290 recta
612 2256 753 2291 ratione
770 2267 917 2291 aversas
936 2267 1016 2290 esse
1036 2255 1200 2300 vitiosas,
1217 2262 1271 2300 ut,

88 2307 198 2344 etiam
220 2308 251 2343 si
270 2321 337 2344 nec
358 2308 455 2344 mala
474 2308 549 2344 sint
567 2308 641 2352 illa,
661 2321 747 2356 quae
776 2315 920 2344 metum
948 2308 1270 2356 aegritudinemve,

87 2372 155 2397 nec
182 2361 292 2406 bona,
313 2374 399 2410 quae
428 2361 668 2409 cupiditatem
696 2361 914 2397 laetitiamve
939 2369 1127 2406 moveant,
1148 2370 1272 2398 tamen

649 2426 671 2451 L
692 2417 714 2450 2
