1471 2585
49 102 242 155 25—28.]
395 116 498 140 Βοοκ
528 116 571 140 11.
593 116 710 141 cHAP.
735 106 903 140 10—12.
1187 106 1237 140 49

221 211 345 241 Arcere
360 220 486 249 nequeo
503 210 610 239 diram
626 209 792 239 volucrem
807 220 826 239 a
842 212 984 249 pectore.

262 253 316 284 Sic
332 263 383 282 me
400 254 470 292 ipse
486 253 602 282 viduus
617 255 725 291 pestes
741 253 868 292 excipio
881 253 1005 290 anxias,

221 297 344 326 Amore
360 296 475 326 mortis
490 296 666 326 terminum
683 296 861 335 anquirens
876 295 954 326 mali
970 306 978 332 ;

219 339 283 369 Sed
299 339 394 379 longe
410 349 429 368 a
444 339 508 368 leto
521 338 655 368 mimine
672 339 813 378 aspellor
828 339 933 369 Jovis.

222 383 332 422 Atque
349 382 429 412 hae'c
445 386 585 420 vetusta,
600 381 715 411 sae'clis
731 382 910 422 glomerata
925 381 1079 420 h6rridis,

222 425 381 455 Luctifica
397 425 506 455 clades
521 427 633 455 nostro
648 425 749 454 infixa
766 430 814 454 est
831 425 971 465 corpori,

223 468 250 499 E
267 471 331 508 quo
347 468 481 508 liquatae
497 468 573 498 solis
589 468 707 498 ardore
724 468 878 498 excidunt

222 512 355 550 Guttae,
371 522 444 551 quae
460 522 539 542 saxa
554 511 685 541 assidue
700 511 859 541 instillant
877 511 1024 541 Caucasi.

1258 254 1285 282 εὑ

1285 253 1296 279 ,,

105 584 179 620 ΧΙ.
209 583 285 619 Vix
308 584 423 632 igitur
440 597 549 632 posse
571 584 742 620 videmur
760 584 812 620 ita
830 584 1004 620 affectum
1034 596 1108 619 non
1128 583 1240 619 mise·
1260 591 1299 620 263

51 651 134 674 rum
155 638 287 680 dicere,
309 646 357 681 et,
380 638 410 673 si
428 637 528 673 hunc
556 638 744 681 miserum,
766 646 862 674 certe
892 637 1055 673 dolorem
1086 637 1239 672 malum.

52 691 104 728 A.
135 692 195 727 Tu
225 691 377 739 quidem
411 691 531 727 adhuc
560 704 680 727 meam
711 704 879 727 caussam
914 691 1007 739 agis.
1065 691 1139 726 Sed
1172 690 1243 726 hoc

54 757 143 781 mox
165 745 304 781 videro.
363 745 522 789 Interea,
544 745 644 781 unde
663 745 724 781 isti
738 744 894 780 versus?
915 757 990 780 non
1008 744 1104 780 enim
1127 756 1242 791 agno-

55 811 132 834 sco.
183 797 240 835 M.
271 797 404 834 Dicam
421 798 570 843 hercle3
593 799 730 834 etenim
743 806 840 834 recte
860 798 1030 845 requiris.
1078 797 1244 834 Videsne

53 852 242 888 abundare
262 864 320 887 me
347 852 450 888 otio?
506 851 558 889 A.
591 852 693 891 Quid
723 852 832 888 tum?
888 851 948 888 M.
980 851 1102 887 Fuisti
1131 863 1243 898 saepe,

55 906 175 949 credo,
210 918 329 953 quum
363 905 524 941 Athenis
557 918 670 949 esses,
691 906 730 942 in
759 905 894 941 scholis
921 905 1243 953 philosophorum.

54 958 106 996 A.
151 959 250 995 Vero
292 971 334 994 ac
371 959 530 995 libenter
566 960 731 1007 quidem.
806 958 867 995 [W.
910 958 1245 995 Animadvertebas

54 1013 180 1062 igitur,
201 1012 269 1048 etsi
288 1020 367 1048 tum
389 1025 500 1049 nemo
526 1020 604 1048 erat
632 1013 833 1048 admodum
863 1012 1048 1061 copiosus,
1070 1019 1245 1047 verunta-

57 1078 140 1102 men
170 1078 297 1101 versus
326 1067 372 1101 ab
405 1066 449 1101 iis
479 1066 673 1102 admisceri
706 1066 876 1102 orationi.
934 1066 985 1102 A.
1018 1067 1074 1101 Ac
1106 1064 1246 1100 multos

57 1119 209 1167 quidem
241 1131 263 1154 a
291 1119 476 1167 Dionysio
510 1120 648 1155 Stoico.
705 1119 766 1156 M.
799 1120 919 1155 Probe
949 1119 1054 1155 dicis.
1112 1118 1186 1154 Sed
1216 1118 1246 1153 is

58 1173 165 1220 quasi
195 1172 344 1215 dictata,
378 1172 482 1208 nullo
512 1172 671 1217 delectu,
702 1173 805 1209 nulla
834 1173 1040 1221 elegantia;
1073 1171 1182 1207 Philo
1211 1179 1248 1207 et

57 1226 247 1274 proprium
267 1238 464 1261 numerum
486 1232 523 1262 et
543 1227 637 1262 lecta
656 1233 829 1275 poemata
849 1233 885 1261 et
904 1226 986 1261 loco
1005 1225 1245 1274 adjungebat.

59 1280 194 1327 Itaque
218 1286 416 1327 postquam
439 1279 608 1315 adamavi
628 1280 722 1316 hane
742 1280 847 1327 quasi
877 1279 1031 1314 senilem
1060 1279 1246 1314 declama-

59 1333 211 1375 tionem,
233 1333 399 1368 studiose
419 1333 590 1380 equidem
612 1341 697 1369 utor
715 1333 849 1369 nostris
877 1332 1008 1381 poetis,
1031 1332 1106 1375 sed,
1128 1331 1248 1367 sicubi

59 1386 112 1422 illi
134 1386 358 1429 defecerunt,
380 1387 474 1421 verti
493 1387 571 1434 ipse
591 1387 711 1422 multa
731 1387 775 1422 de
796 1386 953 1429 Graecis,
974 1398 1020 1421 ne
1045 1398 1118 1433 quo
1139 1398 1247 1420 orna-

60 1447 187 1475 mento
205 1439 241 1474 in
263 1439 332 1475 boc
352 1452 484 1487 genere
511 1440 774 1488 disputationis
803 1448 942 1475 careret
960 1439 1097 1475 Latina
1116 1438 1246 1474 oratio.

62 1493 137 1528 Sed
165 1493 326 1535 videsne,
348 1499 470 1540 poetae
503 1493 594 1541 quid
622 1494 710 1529 mali
740 1493 923 1529 afferant?
981 1493 1248 1528 Lamentantes
1267 1502 1305 1531 ῦῖ

61 1547 245 1582 inducunt
273 1546 492 1582 fortissimos
523 1547 631 1590 viros,
652 1547 828 1582 molliunt
855 1547 999 1582 animos
1019 1553 1178 1588 nostrOS,
1198 1546 1249 1581 ita

63 1607 151 1636 sunt
182 1599 316 1635 deinde
351 1599 490 1643 dulces,
520 1609 563 1636 ut
592 1613 667 1636 non
696 1600 868 1648 legantur
898 1600 1020 1642 modo,
1051 1600 1114 1634 sed
1138 1599 1249 1634 etiam

63 1653 288 1689 ediscantur.
347 1653 408 1688 Sic
437 1653 483 1689 ad
511 1654 648 1689 malam
676 1653 916 1690 domesticam
937 1652 1173 1700 disciplinam
1192 1652 1249 1687 vi-

63 1714 214 1754 tamque
228 1706 466 1742 umbratilem
487 1713 525 1743 et
543 1707 736 1743 delicatam
755 1719 875 1754 quum
890 1713 1124 1741 accesserunt
1139 1705 1250 1741 etiam

64 1767 198 1808 poetae,
219 1772 353 1795 nervos
387 1772 515 1796 omnes
548 1760 696 1796 virtutis
727 1760 886 1795 elidunt.
944 1759 1063 1794 Recte
1091 1759 1205 1806 igitur
1231 1771 1252 1794 a

66 1813 222 1849 Platone
243 1812 443 1861 ejiciuntur
462 1826 509 1849 ex
532 1826 574 1849 ea
592 1814 753 1856 civitate,
775 1825 887 1860 quam
908 1812 1021 1848 finxit
1038 1812 1115 1855 ille,
1133 1825 1250 1860 quum

66 1867 226 1915 optimos
242 1879 361 1902 mores
377 1873 413 1901 et
426 1867 610 1915 optimum
623 1867 677 1903 rei
689 1867 851 1914 publicae
868 1872 1006 1901 statum
1025 1866 1252 1913 exquireret.

66 1921 119 1956 At
137 1932 225 1955 vero
244 1932 324 1961 nOS,
344 1919 445 1955 docti
464 1920 604 1956 scilicet
630 1933 651 1956 a
681 1920 838 1964 Graecia,
859 1919 941 1956 haec
974 1925 1012 1955 et
1040 1932 1061 1954 a
1094 1919 1253 1967 pueritia

67 1974 226 2022 legimus
246 1980 283 2009 et
302 1973 502 2010 discimus:
522 1973 616 2009 hanc
637 1974 881 2010 eruditionem
899 1973 1092 2009 liberalem
1112 1980 1148 2008 et
1164 1972 1251 2008 doc-

66 2027 199 2063 trinam
220 2033 413 2074 putamus.

121 2079 218 2117 XII.
251 2079 323 2115 Sed
345 2079 433 2127 quid
457 2079 577 2127 poetis
602 2080 824 2116 irascimur?
880 2079 1043 2116 Virtutis
1073 2078 1252 2124 magistri,
1273 2088 1310 2117 28

68 2133 292 2182 philosophi,
313 2132 458 2167 inventi
478 2140 576 2177 sunt,
597 2134 662 2182 qui
694 2145 882 2170 summum
913 2133 1055 2168 malum
1088 2132 1253 2167 dolorem

69 2188 246 2223 dicerent.
304 2187 356 2221 At
379 2192 432 2229 tu,
454 2187 680 2230 adolescens,
701 2199 818 2235 quum
846 2186 885 2221 id
913 2186 981 2221 tibi
1010 2185 1138 2234 paullo
1167 2192 1253 2221 ante

69 2240 231 2276 dixisses
250 2239 379 2282 videri,
399 2247 551 2287 rogatus
571 2253 592 2276 a
612 2253 682 2284 me,
701 2241 862 2276 etiamne
878 2239 998 2287 majus
1014 2251 1126 2286 quam
1141 2239 1254 2275 dede-

71 2306 149 2337 cus,
168 2293 280 2328 verbo
301 2293 346 2328 de
367 2293 550 2328 sententia
569 2293 757 2329 destitisti.
814 2293 925 2341 Rogo
945 2293 1015 2328 hoc
1042 2292 1140 2328 idem
1162 2292 1255 2340 Epi-

71 2358 224 2383 curum:
254 2344 374 2393 majus
405 2346 503 2382 dicet
534 2359 615 2382 esse
643 2347 785 2383 malum
822 2346 1043 2381 mediocrem
1077 2345 1254 2387 dolorem,

71 2412 183 2448 quam
203 2399 411 2435 maximum
432 2400 616 2444 dedecus3
647 2400 687 2436 in
719 2401 801 2448 ipso
833 2399 930 2435 enim
962 2399 1140 2435 dedecore
1170 2397 1258 2434 mali

1025 2464 1044 2487 F
