1471 2585
216 83 264 121 76
533 94 739 120 TUSCULAN
770 94 1072 119 DISPUTATIONS.
1205 78 1395 131 [37—40.

211 195 250 226 et
268 189 430 226 alienum
450 195 618 237 appetas,
639 189 704 238 qui
723 189 887 225 mortalis
911 194 1022 225 natus
1050 188 1303 225 conditionem
1330 200 1397 236 po-

213 243 329 279 stules
346 242 626 286 immortalium,
646 249 684 279 et
711 242 870 290 graviter
888 242 994 286 feras,
1015 249 1063 285 te,
1083 242 1183 290 quod
1213 241 1396 278 utendum

156 301 195 332 37
212 296 408 344 acceperis,
428 295 643 332 reddidisse.
702 296 917 332 Prudentiae
933 308 1020 331 vero
1035 296 1124 343 quid
1143 294 1396 343 respondebis,

212 350 372 393 docenti,
396 349 570 385 virtutem
589 362 668 386 sese
688 362 768 385 esse
787 356 1011 392 contentam,
1025 361 1099 396 quo
1115 349 1226 385 modo
1241 348 1288 384 ad
1303 348 1397 384 bene

212 403 429 447 vivendum,
451 403 502 438 sic
520 403 632 438 etiam
650 403 697 439 ad
716 402 848 439 beate?
879 415 965 451 quae
994 402 1024 438 si
1052 402 1284 438 extrinsecus
1309 400 1396 437 reli·

212 465 299 505 gata
319 456 479 504 pendeat
496 461 534 492 et
552 468 627 492 non
647 456 785 492 oriatur
813 468 834 491 a
862 468 900 491 se
929 462 966 492 et
993 468 1121 491 rursus
1149 456 1196 491 ad
1215 468 1253 491 se
1272 467 1395 491 rever-

213 516 315 546 tatur
333 517 370 545 et
389 509 515 546 omnia
533 522 602 546 sua
619 509 816 558 complexa
834 508 927 544 nihil
955 515 1099 556 quaerat
1118 509 1290 545 aliunde:
1319 520 1395 544 non

213 563 395 612 intelligo,
414 575 479 599 cur
496 570 562 599 aut
580 563 703 599 verbis
722 569 797 598 tam
820 563 1056 598 vehementer
1075 562 1240 598 ornanda
1267 568 1332 598 aut
1358 573 1396 597 re

215 622 319 652 tanto
348 629 458 665 opere
483 616 694 665 expetenda
712 616 882 652 videatur
896 616 1010 660 3—-ad
1038 615 1120 651 haec
1149 615 1246 651 bona
1274 627 1334 651 me
1367 614 1398 650 si

214 682 377 712 revocas,
399 669 573 717 Epicure,
593 682 716 718 pareo,
737 681 883 717 sequor,
903 675 989 704 utor
1008 675 1044 704 te
1072 669 1154 716 ipso
1174 669 1280 712 duce,
1301 668 1396 704 obli-

215 722 337 759 viscor
353 723 464 759 etiam
485 723 679 767 malorum,
700 729 744 759 ut
757 722 881 771 jubes,
902 735 1020 770 eoque
1048 722 1205 765 facilius,
1226 722 1326 769 quod
1355 733 1399 757 ea

214 788 262 812 ne
281 776 321 812 in
340 777 447 812 malis
466 776 618 825 quidem
637 776 811 824 ponenda
824 788 969 812 censeo.
1026 776 1101 811 Sed
1120 775 1281 811 traducis
1297 774 1398 823 cogi-

215 829 374 866 tationes
405 842 504 866 meas
536 830 581 866 ad
610 830 834 878 voluptates.
892 829 998 867 Quas
1014 829 1028 865 ¹?
1060 829 1245 877 Corporis,
1277 828 1398 871 credo,

214 891 281 919 aut
299 896 386 931 quae
407 890 556 931 propter
574 896 707 932 corpus
738 883 798 919 vel
821 882 1075 919 recordatione
1108 882 1169 918 vel
1202 894 1268 930 spe
1297 881 1397 930 cogi—

214 942 352 973 tentur.
408 936 604 984 Numquid
623 943 679 972 est
697 936 824 972 aliud?
854 943 999 972 rectene
1016 936 1238 984 interpretor
1249 941 1399 971 senten-

215 990 306 1026 tiam
325 990 456 1026 tuam?
514 990 644 1026 Solent
675 990 774 1026 enim
803 990 865 1026 isti
898 1001 1045 1039 negare,
1075 1002 1144 1025 nos
1178 988 1398 1037 intelligere,

216 1043 308 1091 quid
325 1044 424 1080 dicat
442 1044 643 1092 Epicurus.

159 1100 198 1130 38
271 1096 356 1133 Hoc
375 1097 476 1140 dicit,
496 1103 533 1132 et
551 1097 621 1133 hoc
640 1096 703 1132 ille
726 1096 920 1140 acriculus,
941 1108 1000 1132 me
1025 1095 1199 1132 audiente
1227 1094 1400 1138 Athenis,

215 1162 333 1186 senex
354 1150 468 1194 Zeno,
487 1150 645 1186 istorum
677 1150 928 1194 acutissimus,
947 1150 1169 1185 contendere
1199 1155 1236 1185 et
1266 1159 1403 1196 magna

216 1215 307 1239 voce
327 1203 447 1239 dicere
466 1203 632 1241 solebat:
663 1215 749 1239 eum
768 1216 848 1239 esse
874 1203 1039 1246 beatum,
1059 1202 1125 1250 qui
1152 1201 1401 1250 praesentibus

216 1256 475 1305 voluptatibus
494 1257 678 1293 frueretur
696 1257 972 1304 confideretque
992 1268 1030 1291 se
1049 1255 1250 1292 fruiturum
1278 1262 1345 1291 aut
1361 1254 1401 1290 in

217 1310 320 1346 omni
339 1316 404 1346 aut
421 1310 460 1346 in
480 1322 615 1358 magna
633 1316 736 1357 parte
755 1310 858 1352 vitae,
879 1309 1006 1345 dolore
1023 1321 1099 1344 non
1118 1308 1401 1351 interveniente,

216 1369 283 1399 aut
301 1364 331 1399 si
349 1363 599 1406 interveniret,
621 1363 650 1398 si
670 1375 838 1398 summus
857 1362 961 1406 foret,
976 1361 1143 1398 futurum
1162 1362 1326 1406 brevem,
1343 1361 1402 1407 sig

214 1417 440 1464 productior,
470 1415 555 1464 plus
586 1415 803 1452 habiturum
831 1415 989 1464 jucundi
1027 1428 1140 1464 quam
1172 1415 1262 1451 mali
1279 1428 1287 1452 ε
1317 1415 1400 1451 haec

215 1469 440 1517 cogitantem
460 1469 537 1505 fore
557 1469 719 1513 beatum,
740 1469 945 1518 praesertim
979 1468 1008 1504 si
1038 1475 1075 1505 et
1103 1477 1188 1505 ante
1217 1467 1401 1517 perceptis

217 1523 324 1559 bonis
343 1529 540 1559 contentus
560 1529 658 1558 esset
676 1535 745 1559 nec
764 1529 920 1559 mortem
939 1534 1007 1558 nec
1025 1523 1114 1559 deos
1127 1522 1398 1558 extimesceret.

216 1576 347 1612 Habes
365 1576 519 1612 formam
549 1575 703 1624 Epicuri
734 1576 823 1612 vitae
848 1576 968 1613 beatae
998 1576 1119 1612 verbis
1140 1574 1302 1611 Zenonis
1330 1587 1400 1611 ex-

215 1641 391 1678 pressam,
411 1629 505 1665 nihil
523 1636 567 1665 ut
584 1629 701 1678 possit
719 1629 857 1678 negari.

159 1685 198 1715 39
270 1683 428 1719 XVIII.
459 1683 562 1722 Quid
584 1682 699 1731 ergo?
727 1683 889 1732 hujusne
909 1682 999 1718 vitae
1018 1682 1223 1730 propositio
1243 1688 1280 1717 et
1298 1680 1400 1730 cogi-

189 1736 306 1780 ,tatio
332 1743 399 1772 aut
427 1736 631 1784 Thyestem
659 1736 782 1772 levare
810 1735 946 1784 poterit
972 1742 1038 1771 aut
1057 1735 1221 1777 AEetam‚
1251 1735 1296 1771 de
1324 1746 1400 1782 quo

215 1789 344 1837 paullo
363 1796 449 1825 ante
469 1789 562 1834 dixi,
583 1796 648 1826 aut
674 1789 929 1833 Telamonem,
949 1789 1100 1837 pulsum
1130 1788 1258 1837 patria,
1285 1800 1400 1824 exsu-

215 1843 355 1879 lantem
375 1849 489 1891 atque
510 1843 708 1891 egentem?
737 1843 775 1879 in
795 1855 869 1891 quo
889 1843 972 1879 haec
992 1842 1184 1878 admiratio
1204 1842 1339 1878 fiebat:

237 1927 357 1958 Hicine
373 1930 422 1957 est
438 1926 491 1956 ille
509 1926 674 1965 Telamon,
688 1927 784 1957 modo
799 1937 896 1967 quem
911 1926 1014 1967 gloria
1029 1926 1071 1956 ad
1087 1926 1204 1956 eaelum
1220 1924 1359 1956 extulitss

238 1970 345 2007 Quem
361 1970 594 2010 adspectabant
609 1971 619 2000 ἓ
642 1970 737 2010 cujus
752 1970 793 2001 ob
808 1980 844 2000 os
860 1969 951 2000 Gra-ii
964 1972 1021 2000 ora
1036 1969 1250 2000 obvertebant
1265 1978 1323 1999 sua
1338 1968 1349 1998 ἓ

158 2056 199 2085 40
219 2048 332 2088 Quod
362 2048 392 2084 si
410 2048 482 2091 cui,
499 2054 542 2083 ut
560 2047 612 2082 ait
637 2042 874 2091 idemssimul
901 2049 1042 2084 animus
1070 2059 1146 2084 eum
1166 2059 1206 2082 re
1230 2046 1399 2089 concidit,

217 2114 238 2138 a
269 2101 446 2150 gravibus
474 2101 547 2136 illis
577 2100 741 2148 antiquis
769 2100 999 2149 philosophis
1028 2100 1188 2149 petenda
1217 2099 1400 2136 medicina

217 2163 284 2199 est,
306 2168 380 2190 non
403 2155 449 2190 ab
475 2154 532 2190 his
552 2153 787 2202 voluptariis.
846 2154 971 2193 Quam
1002 2154 1099 2190 enim
1127 2153 1188 2188 isti
1218 2153 1399 2189 bonorum

217 2207 360 2255 copiam
390 2207 547 2243 dicunt?
611 2207 686 2243 Fac
715 2219 801 2243 sane
832 2220 912 2243 esse
938 2218 1124 2243 summum
1155 2207 1295 2242 bonum
1324 2218 1398 2242 non

217 2260 363 2304 dolere3
395 2273 623 2308 quamquam
648 2260 685 2296 id
714 2272 789 2296 non
816 2268 971 2297 vocatur
998 2259 1196 2307 voluptas;
1231 2259 1294 2294 sed
1323 2271 1399 2295 non

217 2325 365 2350 necesse
385 2320 442 2349 est
466 2327 568 2350 nunc
593 2313 742 2350 omnia:
771 2313 858 2349 idne
877 2319 944 2358 est,
965 2325 1039 2361 quo
1068 2312 1225 2348 traducti
1253 2312 1398 2349 luctum

216 2366 411 2404 levemus?
482 2367 540 2403 Sit
571 2379 659 2404 sane
696 2378 884 2403 summum
921 2366 1062 2404 malum
1093 2365 1242 2407 dolere:
1283 2365 1321 2402 in
1355 2378 1400 2404 eo

1177 2456 1187 2473 Ι
