<?xml version="1.0" encoding="UTF-8"?>
<!DOCTYPE html PUBLIC "-//W3C//DTD XHTML 1.0 Transitional//EN"
    "http://www.w3.org/TR/xhtml1/DTD/xhtml1-transitional.dtd">
<html xmlns="http://www.w3.org/1999/xhtml" xml:lang="en" lang="en">
 <head>
  <title>
</title>
<meta http-equiv="Content-Type" content="text/html;charset=utf-8" />
  <meta name='ocr-system' content='tesseract 3.04.00' />
  <meta name='ocr-capabilities' content='ocr_page ocr_carea ocr_par ocr_line ocrx_word'/>
</head>
<body>
  <div class='ocr_page' id='page_1' title='image "./tusculandisputat00ciceuoft_0139.png"; bbox 0 0 1471 2585; ppageno 0'>
   <div class='ocr_carea' id='block_1_1' title="bbox 99 90 1276 141">
    <p class='ocr_par' dir='ltr' id='par_1_1' title="bbox 99 90 1276 141">
     <span class='ocr_line' id='line_1_1' title="bbox 99 90 1276 141; baseline 0.001 -13"><span class='ocrx_word' id='word_1_1' title='bbox 99 90 291 141; x_wconf 61' lang='lat' dir='ltr'>‹io-42]</span> <span class='ocrx_word' id='word_1_2' title='bbox 446 103 546 128; x_wconf 69' lang='lat' dir='ltr'>Boot&lt;</span> <span class='ocrx_word' id='word_1_3' title='bbox 578 104 612 128; x_wconf 88' lang='lat' dir='ltr'>v.</span> <span class='ocrx_word' id='word_1_4' title='bbox 635 104 750 128; x_wconf 76' lang='lat' dir='ltr'>anP.</span> <span class='ocrx_word' id='word_1_5' title='bbox 776 94 834 134; x_wconf 80' lang='lat'>13,</span> <span class='ocrx_word' id='word_1_6' title='bbox 863 94 918 127; x_wconf 76' lang='lat'>14.</span> <span class='ocrx_word' id='word_1_7' title='bbox 1206 93 1276 129; x_wconf 72' lang='lat'>131</span> 
     </span>
    </p>
   </div>
   <div class='ocr_carea' id='block_1_2' title="bbox 51 197 1342 2425">
    <p class='ocr_par' dir='ltr' id='par_1_2' title="bbox 51 197 1281 460">
     <span class='ocr_line' id='line_1_2' title="bbox 100 197 1281 247; baseline 0.001 -13"><span class='ocrx_word' id='word_1_8' title='bbox 100 205 168 242; x_wconf 89' lang='lat' dir='ltr'>est,</span> <span class='ocrx_word' id='word_1_9' title='bbox 188 199 248 234; x_wconf 89' lang='lat' dir='ltr'>cui</span> <span class='ocrx_word' id='word_1_10' title='bbox 267 198 360 234; x_wconf 90' lang='lat' dir='ltr'>nihil</span> <span class='ocrx_word' id='word_1_11' title='bbox 379 198 483 234; x_wconf 88' lang='lat' dir='ltr'><strong>deest</strong></span> <span class='ocrx_word' id='word_1_12' title='bbox 502 205 539 234; x_wconf 88' lang='lat' dir='ltr'>et</span> <span class='ocrx_word' id='word_1_13' title='bbox 558 197 657 247; x_wconf 93' lang='lat' dir='ltr'>quod</span> <span class='ocrx_word' id='word_1_14' title='bbox 677 197 716 234; x_wconf 88' lang='lat' dir='ltr'>in</span> <span class='ocrx_word' id='word_1_15' title='bbox 732 210 800 233; x_wconf 90' lang='lat' dir='ltr'>suo</span> <span class='ocrx_word' id='word_1_16' title='bbox 815 210 947 245; x_wconf 84' lang='lat' dir='ltr'>genere</span> <span class='ocrx_word' id='word_1_17' title='bbox 962 198 1155 247; x_wconf 87' lang='lat' dir='ltr'>expletum</span> <span class='ocrx_word' id='word_1_18' title='bbox 1169 204 1281 246; x_wconf 88' lang='lat' dir='ltr'>atque</span> 
     </span>
     <span class='ocr_line' id='line_1_3' title="bbox 62 251 1280 300; baseline 0 -13"><span class='ocrx_word' id='word_1_19' title='bbox 62 289 65 291; x_wconf 76' lang='grc'><strong>,</strong></span> <span class='ocrx_word' id='word_1_20' title='bbox 101 252 331 288; x_wconf 87' lang='lat' dir='ltr'>cumulatum</span> <span class='ocrx_word' id='word_1_21' title='bbox 352 259 418 293; x_wconf 90' lang='lat' dir='ltr'>est,</span> <span class='ocrx_word' id='word_1_22' title='bbox 437 251 550 300; x_wconf 91' lang='lat' dir='ltr'>idque</span> <span class='ocrx_word' id='word_1_23' title='bbox 570 251 717 287; x_wconf 86' lang='lat' dir='ltr'>virtutis</span> <span class='ocrx_word' id='word_1_24' title='bbox 736 259 792 287; x_wconf 86' lang='lat' dir='ltr'>est</span> <span class='ocrx_word' id='word_1_25' title='bbox 812 252 1022 299; x_wconf 86' lang='lat' dir='ltr'>proprium:</span> <span class='ocrx_word' id='word_1_26' title='bbox 1045 258 1140 288; x_wconf 87' lang='lat' dir='ltr'>certe</span> <span class='ocrx_word' id='word_1_27' title='bbox 1152 264 1280 287; x_wconf 88' lang='lat' dir='ltr'>omnes</span> 
     </span>
     <span class='ocr_line' id='line_1_4' title="bbox 101 304 1281 352; baseline 0 -12"><span class='ocrx_word' id='word_1_28' title='bbox 101 305 248 341; x_wconf 89' lang='lat' dir='ltr'>virtutis</span> <span class='ocrx_word' id='word_1_29' title='bbox 266 311 454 352; x_wconf 89' lang='lat' dir='ltr'>compotes</span> <span class='ocrx_word' id='word_1_30' title='bbox 471 305 571 340; x_wconf 88' lang='lat' dir='ltr'>beati</span> <span class='ocrx_word' id='word_1_31' title='bbox 590 311 689 340; x_wconf 87' lang='lat' dir='ltr'>sunt.</span> <span class='ocrx_word' id='word_1_32' title='bbox 747 304 797 340; x_wconf 92' lang='lat' dir='ltr'>Et</span> <span class='ocrx_word' id='word_1_33' title='bbox 818 305 886 340; x_wconf 88' lang='lat' dir='ltr'>hoc</span> <span class='ocrx_word' id='word_1_34' title='bbox 914 305 1064 352; x_wconf 85' lang='lat' dir='ltr'>quidem</span> <span class='ocrx_word' id='word_1_35' title='bbox 1086 305 1175 340; x_wconf 86' lang='lat' dir='ltr'>mihi</span> <span class='ocrx_word' id='word_1_36' title='bbox 1195 317 1281 340; x_wconf 88' lang='lat' dir='ltr'>cum</span> 
     </span>
     <span class='ocr_line' id='line_1_5' title="bbox 101 357 1279 406; baseline 0.001 -13"><span class='ocrx_word' id='word_1_37' title='bbox 101 358 217 394; x_wconf 82' lang='lat' dir='ltr'>Bruto</span> <span class='ocrx_word' id='word_1_38' title='bbox 237 358 422 401; x_wconf 86' lang='lat' dir='ltr'>convenit,</span> <span class='ocrx_word' id='word_1_39' title='bbox 442 358 480 393; x_wconf 93' lang='lat' dir='ltr'>id</span> <span class='ocrx_word' id='word_1_40' title='bbox 499 365 555 394; x_wconf 90' lang='lat' dir='ltr'>est</span> <span class='ocrx_word' id='word_1_41' title='bbox 575 370 659 394; x_wconf 91' lang='lat' dir='ltr'>cum</span> <span class='ocrx_word' id='word_1_42' title='bbox 682 357 895 401; x_wconf 78' lang='lat' dir='ltr'>Aristotele,</span> <span class='ocrx_word' id='word_1_43' title='bbox 916 358 1137 402; x_wconf 78' lang='lat' dir='ltr'>Xenocrate,</span> <span class='ocrx_word' id='word_1_44' title='bbox 1159 359 1279 406; x_wconf 89' lang='lat' dir='ltr'>Speu-</span> 
     </span>
     <span class='ocr_line' id='line_1_6' title="bbox 51 411 454 460; baseline -0.002 -13"><span class='ocrx_word' id='word_1_45' title='bbox 51 419 59 420; x_wconf 62' lang='grc'><em>’</em></span> <span class='ocrx_word' id='word_1_46' title='bbox 100 412 217 460; x_wconf 88' lang='lat' dir='ltr'>sippo,</span> <span class='ocrx_word' id='word_1_47' title='bbox 239 411 454 447; x_wconf 85' lang='lat' dir='ltr'>Polemone.</span> 
     </span>
    </p>

    <p class='ocr_par' dir='ltr' id='par_1_3' title="bbox 99 463 1339 672">
     <span class='ocr_line' id='line_1_7' title="bbox 153 463 1339 503; baseline -0.001 -3"><span class='ocrx_word' id='word_1_48' title='bbox 153 465 226 500; x_wconf 89' lang='lat' dir='ltr'>Sed</span> <span class='ocrx_word' id='word_1_49' title='bbox 245 464 335 500; x_wconf 90' lang='lat' dir='ltr'>mihi</span> <span class='ocrx_word' id='word_1_50' title='bbox 355 465 529 500; x_wconf 86' lang='lat' dir='ltr'>videntur</span> <span class='ocrx_word' id='word_1_51' title='bbox 549 464 658 500; x_wconf 88' lang='lat' dir='ltr'>etiam</span> <span class='ocrx_word' id='word_1_52' title='bbox 679 463 894 500; x_wconf 82' lang='lat' dir='ltr'>beatissimi.</span> <span class='ocrx_word' id='word_1_53' title='bbox 944 464 1046 503; x_wconf 81' lang='lat' dir='ltr'>Quid</span> <span class='ocrx_word' id='word_1_54' title='bbox 1061 464 1161 500; x_wconf 90' lang='lat' dir='ltr'>enim</span> <span class='ocrx_word' id='word_1_55' title='bbox 1175 465 1280 500; x_wconf 88' lang='lat' dir='ltr'>deest</span> <span class='ocrx_word' id='word_1_56' title='bbox 1298 471 1339 499; x_wconf 68' lang='lat'>40</span> 
     </span>
     <span class='ocr_line' id='line_1_8' title="bbox 100 517 1280 566; baseline 0 -13"><span class='ocrx_word' id='word_1_57' title='bbox 100 517 146 553; x_wconf 90' lang='lat' dir='ltr'>ad</span> <span class='ocrx_word' id='word_1_58' title='bbox 163 518 271 554; x_wconf 88' lang='lat' dir='ltr'>beate</span> <span class='ocrx_word' id='word_1_59' title='bbox 292 517 493 553; x_wconf 87' lang='lat' dir='ltr'>vivendum</span> <span class='ocrx_word' id='word_1_60' title='bbox 514 518 558 560; x_wconf 91' lang='lat' dir='ltr'>ei,</span> <span class='ocrx_word' id='word_1_61' title='bbox 580 517 645 566; x_wconf 87' lang='lat' dir='ltr'>qui</span> <span class='ocrx_word' id='word_1_62' title='bbox 664 518 818 553; x_wconf 89' lang='lat' dir='ltr'>confidit</span> <span class='ocrx_word' id='word_1_63' title='bbox 846 518 923 553; x_wconf 87' lang='lat' dir='ltr'>suis</span> <span class='ocrx_word' id='word_1_64' title='bbox 951 518 1087 553; x_wconf 81' lang='lat' dir='ltr'>bonis?</span> <span class='ocrx_word' id='word_1_65' title='bbox 1118 525 1184 553; x_wconf 89' lang='lat' dir='ltr'>aut</span> <span class='ocrx_word' id='word_1_66' title='bbox 1212 517 1280 566; x_wconf 91' lang='lat' dir='ltr'>qui</span> 
     </span>
     <span class='ocr_line' id='line_1_9' title="bbox 100 570 1278 619; baseline 0.001 -13"><span class='ocrx_word' id='word_1_67' title='bbox 100 570 245 614; x_wconf 88' lang='lat' dir='ltr'>diffidit,</span> <span class='ocrx_word' id='word_1_68' title='bbox 268 571 397 607; x_wconf 86' lang='lat' dir='ltr'>beatus</span> <span class='ocrx_word' id='word_1_69' title='bbox 418 584 496 606; x_wconf 87' lang='lat' dir='ltr'>esse</span> <span class='ocrx_word' id='word_1_70' title='bbox 516 571 581 618; x_wconf 88' lang='lat' dir='ltr'>qui</span> <span class='ocrx_word' id='word_1_71' title='bbox 599 577 721 619; x_wconf 88' lang='lat' dir='ltr'>potest</span> <span class='ocrx_word' id='word_1_72' title='bbox 737 570 750 606; x_wconf 74' lang='lat' dir='ltr'>&#39;l</span> <span class='ocrx_word' id='word_1_73' title='bbox 807 571 860 606; x_wconf 91' lang='lat' dir='ltr'>At</span> <span class='ocrx_word' id='word_1_74' title='bbox 879 571 1022 606; x_wconf 80' lang='lat' dir='ltr'>diffidat</span> <span class='ocrx_word' id='word_1_75' title='bbox 1040 583 1190 607; x_wconf 87' lang='lat' dir='ltr'>necesse</span> <span class='ocrx_word' id='word_1_76' title='bbox 1209 578 1278 615; x_wconf 88' lang='lat' dir='ltr'>est,</span> 
     </span>
     <span class='ocr_line' id='line_1_10' title="bbox 99 624 646 672; baseline 0.002 -13"><span class='ocrx_word' id='word_1_77' title='bbox 99 624 165 672; x_wconf 89' lang='lat' dir='ltr'>qui</span> <span class='ocrx_word' id='word_1_78' title='bbox 184 624 281 660; x_wconf 88' lang='lat' dir='ltr'>bona</span> <span class='ocrx_word' id='word_1_79' title='bbox 299 624 434 660; x_wconf 90' lang='lat' dir='ltr'>dividit</span> <span class='ocrx_word' id='word_1_80' title='bbox 452 624 646 672; x_wconf 88' lang='lat' dir='ltr'>tripertito.</span> 
     </span>
    </p>

    <p class='ocr_par' dir='ltr' id='par_1_4' title="bbox 91 676 1338 1735">
     <span class='ocr_line' id='line_1_11' title="bbox 152 676 1281 726; baseline 0 -13"><span class='ocrx_word' id='word_1_81' title='bbox 152 676 264 714; x_wconf 91' lang='lat' dir='ltr'><strong>XIV.</strong></span> <span class='ocrx_word' id='word_1_82' title='bbox 295 677 371 716; x_wconf 81' lang='lat' dir='ltr'>Qui</span> <span class='ocrx_word' id='word_1_83' title='bbox 392 677 490 713; x_wconf 86' lang='lat' dir='ltr'>enim</span> <span class='ocrx_word' id='word_1_84' title='bbox 510 677 644 724; x_wconf 88' lang='lat' dir='ltr'>poterit</span> <span class='ocrx_word' id='word_1_85' title='bbox 661 684 726 713; x_wconf 90' lang='lat' dir='ltr'>aut</span> <span class='ocrx_word' id='word_1_86' title='bbox 745 677 906 726; x_wconf 84' lang='lat' dir='ltr'>corporis</span> <span class='ocrx_word' id='word_1_87' title='bbox 925 677 1099 712; x_wconf 86' lang='lat' dir='ltr'>firmitate</span> <span class='ocrx_word' id='word_1_88' title='bbox 1125 683 1189 713; x_wconf 90' lang='lat' dir='ltr'>aut</span> <span class='ocrx_word' id='word_1_89' title='bbox 1208 677 1281 713; x_wconf 87' lang='lat' dir='ltr'>for-</span> 
     </span>
     <span class='ocr_line' id='line_1_12' title="bbox 99 730 1282 778; baseline 0 -12"><span class='ocrx_word' id='word_1_90' title='bbox 99 737 204 766; x_wconf 89' lang='lat' dir='ltr'>tunae</span> <span class='ocrx_word' id='word_1_91' title='bbox 224 731 426 766; x_wconf 83' lang='lat' dir='ltr'>stabilitate</span> <span class='ocrx_word' id='word_1_92' title='bbox 446 731 656 767; x_wconf 83' lang='lat' dir='ltr'>confidere?</span> <span class='ocrx_word' id='word_1_93' title='bbox 712 731 830 778; x_wconf 87' lang='lat' dir='ltr'>Atqui</span> <span class='ocrx_word' id='word_1_94' title='bbox 851 731 921 766; x_wconf 87' lang='lat' dir='ltr'>nisi</span> <span class='ocrx_word' id='word_1_95' title='bbox 941 731 1063 766; x_wconf 83' lang='lat' dir='ltr'>stabili</span> <span class='ocrx_word' id='word_1_96' title='bbox 1090 737 1127 766; x_wconf 90' lang='lat' dir='ltr'>et</span> <span class='ocrx_word' id='word_1_97' title='bbox 1146 730 1224 766; x_wconf 85' lang='lat' dir='ltr'>fixo</span> <span class='ocrx_word' id='word_1_98' title='bbox 1245 737 1282 766; x_wconf 93' lang='lat' dir='ltr'>et</span> 
     </span>
     <span class='ocr_line' id='line_1_13' title="bbox 99 783 1281 832; baseline 0.001 -13"><span class='ocrx_word' id='word_1_99' title='bbox 99 791 338 831; x_wconf 84' lang='lat' dir='ltr'>permanente</span> <span class='ocrx_word' id='word_1_100' title='bbox 357 785 455 820; x_wconf 88' lang='lat' dir='ltr'>bono</span> <span class='ocrx_word' id='word_1_101' title='bbox 474 784 605 819; x_wconf 90' lang='lat' dir='ltr'>beatus</span> <span class='ocrx_word' id='word_1_102' title='bbox 625 797 704 820; x_wconf 90' lang='lat' dir='ltr'>esse</span> <span class='ocrx_word' id='word_1_103' title='bbox 732 796 842 819; x_wconf 87' lang='lat' dir='ltr'>nemo</span> <span class='ocrx_word' id='word_1_104' title='bbox 871 789 1004 832; x_wconf 88' lang='lat' dir='ltr'>potest.</span> <span class='ocrx_word' id='word_1_105' title='bbox 1064 783 1166 822; x_wconf 81' lang='lat' dir='ltr'>Quid</span> <span class='ocrx_word' id='word_1_106' title='bbox 1195 796 1281 831; x_wconf 84' lang='lat' dir='ltr'>ergo</span> 
     </span>
     <span class='ocr_line' id='line_1_14' title="bbox 100 836 1281 885; baseline 0 -13"><span class='ocrx_word' id='word_1_107' title='bbox 100 836 182 885; x_wconf 87' lang='lat' dir='ltr'>ejus</span> <span class='ocrx_word' id='word_1_108' title='bbox 200 837 301 873; x_wconf 89' lang='lat' dir='ltr'>modi</span> <span class='ocrx_word' id='word_1_109' title='bbox 321 837 474 873; x_wconf 90' lang='lat' dir='ltr'>istorum</span> <span class='ocrx_word' id='word_1_110' title='bbox 494 837 576 873; x_wconf 82' lang='lat' dir='ltr'>est?</span> <span class='ocrx_word' id='word_1_111' title='bbox 606 844 649 872; x_wconf 86' lang='lat' dir='ltr'>ut</span> <span class='ocrx_word' id='word_1_112' title='bbox 668 837 758 872; x_wconf 79' lang='lat' dir='ltr'>mihi</span> <span class='ocrx_word' id='word_1_113' title='bbox 779 837 938 872; x_wconf 85' lang='lat' dir='ltr'>Laconis</span> <span class='ocrx_word' id='word_1_114' title='bbox 958 837 1051 872; x_wconf 89' lang='lat' dir='ltr'>illud</span> <span class='ocrx_word' id='word_1_115' title='bbox 1072 837 1212 872; x_wconf 89' lang='lat' dir='ltr'>dictum</span> <span class='ocrx_word' id='word_1_116' title='bbox 1242 837 1281 872; x_wconf 89' lang='lat' dir='ltr'>in</span> 
     </span>
     <span class='ocr_line' id='line_1_15' title="bbox 98 890 1281 938; baseline 0 -12"><span class='ocrx_word' id='word_1_117' title='bbox 98 890 166 926; x_wconf 91' lang='lat' dir='ltr'>hos</span> <span class='ocrx_word' id='word_1_118' title='bbox 185 891 314 926; x_wconf 85' lang='lat' dir='ltr'>cadere</span> <span class='ocrx_word' id='word_1_119' title='bbox 336 890 514 932; x_wconf 86' lang='lat' dir='ltr'>videatur,</span> <span class='ocrx_word' id='word_1_120' title='bbox 529 891 593 937; x_wconf 76' lang='lat' dir='ltr'>qui</span> <span class='ocrx_word' id='word_1_121' title='bbox 611 891 780 938; x_wconf 67' lang='lat' dir='ltr'>glorianti</span> <span class='ocrx_word' id='word_1_122' title='bbox 795 891 940 926; x_wconf 79' lang='lat' dir='ltr'>cuidam</span> <span class='ocrx_word' id='word_1_123' title='bbox 958 890 1161 932; x_wconf 83' lang='lat' dir='ltr'>mercatori,</span> <span class='ocrx_word' id='word_1_124' title='bbox 1179 891 1281 938; x_wconf 90' lang='lat' dir='ltr'>quod</span> 
     </span>
     <span class='ocr_line' id='line_1_16' title="bbox 98 943 1281 980; baseline 0.002 -2"><span class='ocrx_word' id='word_1_125' title='bbox 98 943 236 979; x_wconf 88' lang='lat' dir='ltr'>multas</span> <span class='ocrx_word' id='word_1_126' title='bbox 267 956 380 980; x_wconf 78' lang='lat' dir='ltr'>naves</span> <span class='ocrx_word' id='word_1_127' title='bbox 409 945 447 979; x_wconf 90' lang='lat' dir='ltr'>in</span> <span class='ocrx_word' id='word_1_128' title='bbox 483 956 630 979; x_wconf 89' lang='lat' dir='ltr'>omnem</span> <span class='ocrx_word' id='word_1_129' title='bbox 664 957 763 980; x_wconf 90' lang='lat' dir='ltr'>oram</span> <span class='ocrx_word' id='word_1_130' title='bbox 794 943 1016 979; x_wconf 74' lang='lat' dir='ltr'>maritimam</span> <span class='ocrx_word' id='word_1_131' title='bbox 1055 943 1255 979; x_wconf 84' lang='lat' dir='ltr'>dimisisset</span> <span class='ocrx_word' id='word_1_132' title='bbox 1272 956 1281 980; x_wconf 68' lang='grc' dir='ltr'>ε</span> 
     </span>
     <span class='ocr_line' id='line_1_17' title="bbox 99 995 1283 1045; baseline 0.001 -13"><span class='ocrx_word' id='word_1_133' title='bbox 99 995 186 1032; x_wconf 77' lang='lat' dir='ltr'>Non</span> <span class='ocrx_word' id='word_1_134' title='bbox 214 1009 301 1033; x_wconf 85' lang='lat' dir='ltr'>sane</span> <span class='ocrx_word' id='word_1_135' title='bbox 331 996 500 1045; x_wconf 76' lang='lat' dir='ltr'>optabilis</span> <span class='ocrx_word' id='word_1_136' title='bbox 528 997 669 1045; x_wconf 81' lang='lat' dir='ltr'>quidem</span> <span class='ocrx_word' id='word_1_137' title='bbox 700 999 779 1042; x_wconf 83' lang='lat' dir='ltr'>ista,</span> <span class='ocrx_word' id='word_1_138' title='bbox 800 997 933 1045; x_wconf 89' lang='lat' dir='ltr'>inquit,</span> <span class='ocrx_word' id='word_1_139' title='bbox 954 997 1166 1033; x_wconf 79' lang='lat' dir='ltr'>rudentibus</span> <span class='ocrx_word' id='word_1_140' title='bbox 1194 1002 1283 1045; x_wconf 80' lang='lat' dir='ltr'>apta</span> 
     </span>
     <span class='ocr_line' id='line_1_18' title="bbox 91 1050 1282 1098; baseline 0 -13"><span class='ocrx_word' id='word_1_141' title='bbox 91 1051 258 1098; x_wconf 83' lang='lat' dir='ltr'>fortuna.</span> <span class='ocrx_word' id='word_1_142' title='bbox 316 1051 375 1085; x_wconf 91' lang='lat' dir='ltr'>An</span> <span class='ocrx_word' id='word_1_143' title='bbox 397 1050 553 1086; x_wconf 90' lang='lat' dir='ltr'>dubium</span> <span class='ocrx_word' id='word_1_144' title='bbox 573 1058 642 1093; x_wconf 89' lang='lat' dir='ltr'>est,</span> <span class='ocrx_word' id='word_1_145' title='bbox 663 1050 752 1097; x_wconf 88' lang='lat' dir='ltr'>quin</span> <span class='ocrx_word' id='word_1_146' title='bbox 772 1051 865 1086; x_wconf 87' lang='lat' dir='ltr'>nihil</span> <span class='ocrx_word' id='word_1_147' title='bbox 884 1051 931 1086; x_wconf 85' lang='lat' dir='ltr'>sit</span> <span class='ocrx_word' id='word_1_148' title='bbox 950 1050 1163 1086; x_wconf 86' lang='lat' dir='ltr'>habendum</span> <span class='ocrx_word' id='word_1_149' title='bbox 1183 1050 1222 1085; x_wconf 90' lang='lat' dir='ltr'>in</span> <span class='ocrx_word' id='word_1_150' title='bbox 1239 1063 1282 1085; x_wconf 94' lang='lat' dir='ltr'>eo</span> 
     </span>
     <span class='ocr_line' id='line_1_19' title="bbox 98 1103 1281 1152; baseline 0 -14"><span class='ocrx_word' id='word_1_151' title='bbox 98 1115 244 1150; x_wconf 85' lang='lat' dir='ltr'>genere,</span> <span class='ocrx_word' id='word_1_152' title='bbox 266 1115 341 1150; x_wconf 91' lang='lat' dir='ltr'>quo</span> <span class='ocrx_word' id='word_1_153' title='bbox 373 1103 449 1138; x_wconf 88' lang='lat' dir='ltr'>vita</span> <span class='ocrx_word' id='word_1_154' title='bbox 476 1103 585 1139; x_wconf 87' lang='lat' dir='ltr'>beata</span> <span class='ocrx_word' id='word_1_155' title='bbox 613 1103 853 1151; x_wconf 80' lang='lat' dir='ltr'>compleatur,</span> <span class='ocrx_word' id='word_1_156' title='bbox 874 1103 904 1139; x_wconf 88' lang='lat' dir='ltr'>si</span> <span class='ocrx_word' id='word_1_157' title='bbox 931 1103 967 1138; x_wconf 91' lang='lat' dir='ltr'>id</span> <span class='ocrx_word' id='word_1_158' title='bbox 996 1104 1113 1152; x_wconf 90' lang='lat' dir='ltr'>possit</span> <span class='ocrx_word' id='word_1_159' title='bbox 1132 1103 1281 1138; x_wconf 79' lang='lat' dir='ltr'>amitti?</span> 
     </span>
     <span class='ocr_line' id='line_1_20' title="bbox 99 1155 1284 1204; baseline 0.002 -14"><span class='ocrx_word' id='word_1_160' title='bbox 99 1155 192 1191; x_wconf 86' lang='lat' dir='ltr'>nihil</span> <span class='ocrx_word' id='word_1_161' title='bbox 225 1156 323 1192; x_wconf 88' lang='lat' dir='ltr'>enim</span> <span class='ocrx_word' id='word_1_162' title='bbox 352 1156 623 1199; x_wconf 82' lang='lat' dir='ltr'>interarescere‚</span> <span class='ocrx_word' id='word_1_163' title='bbox 655 1156 748 1191; x_wconf 87' lang='lat' dir='ltr'>nihil</span> <span class='ocrx_word' id='word_1_164' title='bbox 784 1156 986 1204; x_wconf 82' lang='lat' dir='ltr'>exstingui,</span> <span class='ocrx_word' id='word_1_165' title='bbox 1024 1156 1116 1191; x_wconf 78' lang='lat' dir='ltr'>nihil</span> <span class='ocrx_word' id='word_1_166' title='bbox 1154 1157 1284 1192; x_wconf 89' lang='lat' dir='ltr'>cadere</span> 
     </span>
     <span class='ocr_line' id='line_1_21' title="bbox 99 1209 1284 1257; baseline 0 -13"><span class='ocrx_word' id='word_1_167' title='bbox 99 1209 211 1245; x_wconf 90' lang='lat' dir='ltr'>debet</span> <span class='ocrx_word' id='word_1_168' title='bbox 228 1221 368 1252; x_wconf 89' lang='lat' dir='ltr'>eorum,</span> <span class='ocrx_word' id='word_1_169' title='bbox 387 1209 425 1244; x_wconf 89' lang='lat' dir='ltr'>in</span> <span class='ocrx_word' id='word_1_170' title='bbox 446 1210 584 1256; x_wconf 89' lang='lat' dir='ltr'>quibus</span> <span class='ocrx_word' id='word_1_171' title='bbox 611 1209 687 1245; x_wconf 88' lang='lat' dir='ltr'>vita</span> <span class='ocrx_word' id='word_1_172' title='bbox 714 1210 821 1245; x_wconf 88' lang='lat' dir='ltr'>beata</span> <span class='ocrx_word' id='word_1_173' title='bbox 851 1209 1031 1245; x_wconf 83' lang='lat' dir='ltr'>consistit.</span> <span class='ocrx_word' id='word_1_174' title='bbox 1090 1209 1189 1245; x_wconf 88' lang='lat' dir='ltr'>Nam</span> <span class='ocrx_word' id='word_1_175' title='bbox 1218 1209 1284 1257; x_wconf 90' lang='lat' dir='ltr'>qui</span> 
     </span>
     <span class='ocr_line' id='line_1_22' title="bbox 99 1261 1283 1310; baseline 0 -13"><span class='ocrx_word' id='word_1_176' title='bbox 99 1261 258 1306; x_wconf 86' lang='lat' dir='ltr'>timebit,</span> <span class='ocrx_word' id='word_1_177' title='bbox 279 1275 324 1298; x_wconf 91' lang='lat' dir='ltr'>ne</span> <span class='ocrx_word' id='word_1_178' title='bbox 344 1262 435 1309; x_wconf 88' lang='lat' dir='ltr'>quid</span> <span class='ocrx_word' id='word_1_179' title='bbox 455 1275 502 1297; x_wconf 88' lang='lat' dir='ltr'>ex</span> <span class='ocrx_word' id='word_1_180' title='bbox 523 1262 566 1298; x_wconf 90' lang='lat' dir='ltr'>iis</span> <span class='ocrx_word' id='word_1_181' title='bbox 588 1263 775 1310; x_wconf 85' lang='lat' dir='ltr'>deperdat,</span> <span class='ocrx_word' id='word_1_182' title='bbox 796 1263 925 1298; x_wconf 86' lang='lat' dir='ltr'>beatus</span> <span class='ocrx_word' id='word_1_183' title='bbox 945 1275 1024 1298; x_wconf 85' lang='lat' dir='ltr'>esse</span> <span class='ocrx_word' id='word_1_184' title='bbox 1043 1275 1118 1298; x_wconf 93' lang='lat' dir='ltr'>non</span> <span class='ocrx_word' id='word_1_185' title='bbox 1137 1262 1283 1309; x_wconf 91' lang='lat' dir='ltr'>poterit.</span> 
     </span>
     <span class='ocr_line' id='line_1_23' title="bbox 99 1314 1338 1363; baseline 0 -12"><span class='ocrx_word' id='word_1_186' title='bbox 99 1314 286 1351; x_wconf 90' lang='lat' dir='ltr'>Volumus</span> <span class='ocrx_word' id='word_1_187' title='bbox 315 1317 426 1359; x_wconf 85' lang='lat' dir='ltr'>enim,</span> <span class='ocrx_word' id='word_1_188' title='bbox 447 1328 545 1359; x_wconf 90' lang='lat' dir='ltr'>eum,</span> <span class='ocrx_word' id='word_1_189' title='bbox 567 1315 631 1363; x_wconf 89' lang='lat' dir='ltr'>qui</span> <span class='ocrx_word' id='word_1_190' title='bbox 658 1315 788 1351; x_wconf 87' lang='lat' dir='ltr'>beatus</span> <span class='ocrx_word' id='word_1_191' title='bbox 819 1316 877 1358; x_wconf 90' lang='lat' dir='ltr'>sit,</span> <span class='ocrx_word' id='word_1_192' title='bbox 906 1323 1029 1351; x_wconf 84' lang='lat' dir='ltr'>tutum</span> <span class='ocrx_word' id='word_1_193' title='bbox 1061 1328 1152 1358; x_wconf 90' lang='lat' dir='ltr'>esse,</span> <span class='ocrx_word' id='word_1_194' title='bbox 1173 1316 1282 1351; x_wconf 82' lang='lat' dir='ltr'>inex·</span> <span class='ocrx_word' id='word_1_195' title='bbox 1301 1322 1338 1351; x_wconf 82' lang='lat'>41</span> 
     </span>
     <span class='ocr_line' id='line_1_24' title="bbox 98 1369 1283 1417; baseline 0 -13"><span class='ocrx_word' id='word_1_196' title='bbox 98 1369 353 1416; x_wconf 86' lang='lat' dir='ltr'>pugnabilem‚</span> <span class='ocrx_word' id='word_1_197' title='bbox 375 1375 534 1416; x_wconf 83' lang='lat' dir='ltr'>saeptum</span> <span class='ocrx_word' id='word_1_198' title='bbox 555 1376 666 1416; x_wconf 82' lang='lat' dir='ltr'>atque</span> <span class='ocrx_word' id='word_1_199' title='bbox 683 1369 882 1412; x_wconf 82' lang='lat' dir='ltr'>munitum,</span> <span class='ocrx_word' id='word_1_200' title='bbox 899 1381 974 1404; x_wconf 92' lang='lat' dir='ltr'>non</span> <span class='ocrx_word' id='word_1_201' title='bbox 994 1376 1035 1404; x_wconf 90' lang='lat' dir='ltr'>ut</span> <span class='ocrx_word' id='word_1_202' title='bbox 1050 1381 1162 1417; x_wconf 90' lang='lat' dir='ltr'>parvo</span> <span class='ocrx_word' id='word_1_203' title='bbox 1180 1375 1283 1405; x_wconf 88' lang='lat' dir='ltr'>metu</span> 
     </span>
     <span class='ocr_line' id='line_1_25' title="bbox 99 1421 1283 1470; baseline 0 -13"><span class='ocrx_word' id='word_1_204' title='bbox 99 1421 280 1470; x_wconf 88' lang='lat' dir='ltr'>praeditus</span> <span class='ocrx_word' id='word_1_205' title='bbox 301 1423 359 1464; x_wconf 90' lang='lat' dir='ltr'>sit,</span> <span class='ocrx_word' id='word_1_206' title='bbox 381 1423 444 1458; x_wconf 88' lang='lat' dir='ltr'>sed</span> <span class='ocrx_word' id='word_1_207' title='bbox 463 1429 505 1458; x_wconf 90' lang='lat' dir='ltr'>ut</span> <span class='ocrx_word' id='word_1_208' title='bbox 523 1421 642 1458; x_wconf 87' lang='lat' dir='ltr'>nullo.</span> <span class='ocrx_word' id='word_1_209' title='bbox 701 1422 755 1458; x_wconf 90' lang='lat' dir='ltr'>Ut</span> <span class='ocrx_word' id='word_1_210' title='bbox 774 1423 872 1457; x_wconf 89' lang='lat' dir='ltr'>enim</span> <span class='ocrx_word' id='word_1_211' title='bbox 891 1421 1070 1458; x_wconf 86' lang='lat' dir='ltr'>innocens</span> <span class='ocrx_word' id='word_1_212' title='bbox 1086 1422 1116 1457; x_wconf 92' lang='lat' dir='ltr'>is</span> <span class='ocrx_word' id='word_1_213' title='bbox 1136 1421 1283 1465; x_wconf 89' lang='lat' dir='ltr'>dicitur,</span> 
     </span>
     <span class='ocr_line' id='line_1_26' title="bbox 100 1475 1284 1523; baseline 0 -13"><span class='ocrx_word' id='word_1_214' title='bbox 100 1487 175 1510; x_wconf 89' lang='lat' dir='ltr'>non</span> <span class='ocrx_word' id='word_1_215' title='bbox 195 1475 258 1523; x_wconf 89' lang='lat' dir='ltr'>qui</span> <span class='ocrx_word' id='word_1_216' title='bbox 277 1475 409 1511; x_wconf 89' lang='lat' dir='ltr'>leviter</span> <span class='ocrx_word' id='word_1_217' title='bbox 427 1482 546 1518; x_wconf 91' lang='lat' dir='ltr'>nocet,</span> <span class='ocrx_word' id='word_1_218' title='bbox 568 1475 631 1510; x_wconf 90' lang='lat' dir='ltr'>sed</span> <span class='ocrx_word' id='word_1_219' title='bbox 651 1475 716 1523; x_wconf 88' lang='lat' dir='ltr'>qui</span> <span class='ocrx_word' id='word_1_220' title='bbox 734 1475 826 1510; x_wconf 88' lang='lat' dir='ltr'>nihil</span> <span class='ocrx_word' id='word_1_221' title='bbox 851 1483 971 1518; x_wconf 85' lang='lat' dir='ltr'>nocet,</span> <span class='ocrx_word' id='word_1_222' title='bbox 993 1475 1044 1510; x_wconf 88' lang='lat' dir='ltr'>sic</span> <span class='ocrx_word' id='word_1_223' title='bbox 1074 1475 1153 1510; x_wconf 91' lang='lat' dir='ltr'>sine</span> <span class='ocrx_word' id='word_1_224' title='bbox 1180 1481 1284 1511; x_wconf 90' lang='lat' dir='ltr'>metu</span> 
     </span>
     <span class='ocr_line' id='line_1_27' title="bbox 101 1527 1284 1576; baseline 0 -13"><span class='ocrx_word' id='word_1_225' title='bbox 101 1528 132 1563; x_wconf 86' lang='lat' dir='ltr'>is</span> <span class='ocrx_word' id='word_1_226' title='bbox 150 1527 342 1563; x_wconf 86' lang='lat' dir='ltr'>habendus</span> <span class='ocrx_word' id='word_1_227' title='bbox 362 1534 429 1570; x_wconf 90' lang='lat' dir='ltr'>est,</span> <span class='ocrx_word' id='word_1_228' title='bbox 450 1541 525 1564; x_wconf 89' lang='lat' dir='ltr'>non</span> <span class='ocrx_word' id='word_1_229' title='bbox 547 1529 611 1576; x_wconf 90' lang='lat' dir='ltr'>qui</span> <span class='ocrx_word' id='word_1_230' title='bbox 631 1541 744 1576; x_wconf 86' lang='lat' dir='ltr'>parvo</span> <span class='ocrx_word' id='word_1_231' title='bbox 760 1535 862 1564; x_wconf 89' lang='lat' dir='ltr'>metu</span> <span class='ocrx_word' id='word_1_232' title='bbox 881 1536 947 1571; x_wconf 90' lang='lat' dir='ltr'>est,</span> <span class='ocrx_word' id='word_1_233' title='bbox 964 1528 1028 1564; x_wconf 89' lang='lat' dir='ltr'>sed</span> <span class='ocrx_word' id='word_1_234' title='bbox 1048 1528 1113 1576; x_wconf 89' lang='lat' dir='ltr'>qui</span> <span class='ocrx_word' id='word_1_235' title='bbox 1133 1528 1284 1564; x_wconf 88' lang='lat' dir='ltr'>omnino</span> 
     </span>
     <span class='ocr_line' id='line_1_28' title="bbox 100 1581 1284 1624; baseline 0 -8"><span class='ocrx_word' id='word_1_236' title='bbox 100 1588 204 1617; x_wconf 90' lang='lat' dir='ltr'>metu</span> <span class='ocrx_word' id='word_1_237' title='bbox 224 1588 342 1617; x_wconf 89' lang='lat' dir='ltr'>vacat.</span> <span class='ocrx_word' id='word_1_238' title='bbox 400 1581 498 1620; x_wconf 80' lang='lat' dir='ltr'>Quae</span> <span class='ocrx_word' id='word_1_239' title='bbox 528 1589 584 1617; x_wconf 90' lang='lat' dir='ltr'>est</span> <span class='ocrx_word' id='word_1_240' title='bbox 616 1582 714 1617; x_wconf 88' lang='lat' dir='ltr'>enim</span> <span class='ocrx_word' id='word_1_241' title='bbox 749 1581 820 1617; x_wconf 90' lang='lat' dir='ltr'>alia</span> <span class='ocrx_word' id='word_1_242' title='bbox 843 1581 1036 1624; x_wconf 88' lang='lat' dir='ltr'>fortitudo,</span> <span class='ocrx_word' id='word_1_243' title='bbox 1067 1581 1138 1617; x_wconf 84' lang='lat' dir='ltr'>nisi</span> <span class='ocrx_word' id='word_1_244' title='bbox 1169 1581 1284 1617; x_wconf 87' lang='lat' dir='ltr'>animi</span> 
     </span>
     <span class='ocr_line' id='line_1_29' title="bbox 100 1633 1284 1683; baseline 0 -13"><span class='ocrx_word' id='word_1_245' title='bbox 100 1634 245 1670; x_wconf 87' lang='lat' dir='ltr'>affectio</span> <span class='ocrx_word' id='word_1_246' title='bbox 265 1647 382 1683; x_wconf 89' lang='lat' dir='ltr'>quum</span> <span class='ocrx_word' id='word_1_247' title='bbox 401 1635 439 1670; x_wconf 86' lang='lat' dir='ltr'>in</span> <span class='ocrx_word' id='word_1_248' title='bbox 459 1635 631 1670; x_wconf 91' lang='lat' dir='ltr'>adeundo</span> <span class='ocrx_word' id='word_1_249' title='bbox 649 1634 814 1682; x_wconf 85' lang='lat' dir='ltr'>periculo</span> <span class='ocrx_word' id='word_1_250' title='bbox 833 1642 871 1670; x_wconf 91' lang='lat' dir='ltr'>et</span> <span class='ocrx_word' id='word_1_251' title='bbox 889 1635 926 1669; x_wconf 90' lang='lat' dir='ltr'>in</span> <span class='ocrx_word' id='word_1_252' title='bbox 945 1634 1070 1670; x_wconf 88' lang='lat' dir='ltr'>labore</span> <span class='ocrx_word' id='word_1_253' title='bbox 1090 1647 1131 1670; x_wconf 87' lang='lat' dir='ltr'>ac</span> <span class='ocrx_word' id='word_1_254' title='bbox 1160 1633 1284 1670; x_wconf 87' lang='lat' dir='ltr'>dolore</span> 
     </span>
     <span class='ocr_line' id='line_1_30' title="bbox 101 1687 839 1735; baseline 0 -12"><span class='ocrx_word' id='word_1_255' title='bbox 101 1688 257 1735; x_wconf 89' lang='lat' dir='ltr'>patiens,</span> <span class='ocrx_word' id='word_1_256' title='bbox 278 1695 356 1723; x_wconf 88' lang='lat' dir='ltr'>tum</span> <span class='ocrx_word' id='word_1_257' title='bbox 376 1688 505 1735; x_wconf 90' lang='lat' dir='ltr'>procul</span> <span class='ocrx_word' id='word_1_258' title='bbox 523 1688 569 1723; x_wconf 89' lang='lat' dir='ltr'>ab</span> <span class='ocrx_word' id='word_1_259' title='bbox 589 1687 690 1723; x_wconf 88' lang='lat' dir='ltr'>omni</span> <span class='ocrx_word' id='word_1_260' title='bbox 709 1687 839 1723; x_wconf 78' lang='lat' dir='ltr'>metu?</span> 
     </span>
    </p>

    <p class='ocr_par' dir='ltr' id='par_1_5' title="bbox 100 1739 1342 2425">
     <span class='ocr_line' id='line_1_31' title="bbox 154 1739 1342 1788; baseline 0.001 -12"><span class='ocrx_word' id='word_1_261' title='bbox 154 1740 280 1788; x_wconf 91' lang='lat' dir='ltr'>Atque</span> <span class='ocrx_word' id='word_1_262' title='bbox 299 1741 380 1776; x_wconf 88' lang='lat' dir='ltr'>haec</span> <span class='ocrx_word' id='word_1_263' title='bbox 400 1748 495 1776; x_wconf 89' lang='lat' dir='ltr'>certe</span> <span class='ocrx_word' id='word_1_264' title='bbox 510 1753 585 1776; x_wconf 89' lang='lat' dir='ltr'>non</span> <span class='ocrx_word' id='word_1_265' title='bbox 604 1741 656 1776; x_wconf 85' lang='lat' dir='ltr'>ita</span> <span class='ocrx_word' id='word_1_266' title='bbox 675 1753 713 1776; x_wconf 91' lang='lat' dir='ltr'>se</span> <span class='ocrx_word' id='word_1_267' title='bbox 728 1740 918 1782; x_wconf 87' lang='lat' dir='ltr'>haberent,</span> <span class='ocrx_word' id='word_1_268' title='bbox 931 1740 1003 1775; x_wconf 87' lang='lat' dir='ltr'>nisi</span> <span class='ocrx_word' id='word_1_269' title='bbox 1018 1752 1126 1775; x_wconf 89' lang='lat' dir='ltr'>omne</span> <span class='ocrx_word' id='word_1_270' title='bbox 1142 1739 1284 1776; x_wconf 91' lang='lat' dir='ltr'>bonum</span> <span class='ocrx_word' id='word_1_271' title='bbox 1302 1748 1342 1777; x_wconf 70' lang='lat'>42</span> 
     </span>
     <span class='ocr_line' id='line_1_32' title="bbox 100 1793 1284 1832; baseline 0 -3"><span class='ocrx_word' id='word_1_272' title='bbox 100 1793 140 1828; x_wconf 90' lang='lat' dir='ltr'>in</span> <span class='ocrx_word' id='word_1_273' title='bbox 159 1805 234 1829; x_wconf 86' lang='lat' dir='ltr'>una</span> <span class='ocrx_word' id='word_1_274' title='bbox 252 1794 444 1829; x_wconf 88' lang='lat' dir='ltr'>honestate</span> <span class='ocrx_word' id='word_1_275' title='bbox 464 1794 693 1829; x_wconf 87' lang='lat' dir='ltr'>consisteret.</span> <span class='ocrx_word' id='word_1_276' title='bbox 753 1793 830 1832; x_wconf 79' lang='lat' dir='ltr'>Qui</span> <span class='ocrx_word' id='word_1_277' title='bbox 850 1800 974 1828; x_wconf 88' lang='lat' dir='ltr'>autem</span> <span class='ocrx_word' id='word_1_278' title='bbox 997 1793 1100 1828; x_wconf 85' lang='lat' dir='ltr'>illam</span> <span class='ocrx_word' id='word_1_279' title='bbox 1120 1793 1284 1829; x_wconf 85' lang='lat' dir='ltr'>maxime</span> 
     </span>
     <span class='ocr_line' id='line_1_33' title="bbox 102 1846 1284 1894; baseline 0.001 -12"><span class='ocrx_word' id='word_1_280' title='bbox 102 1852 267 1894; x_wconf 89' lang='lat' dir='ltr'>optatam</span> <span class='ocrx_word' id='word_1_281' title='bbox 303 1853 339 1881; x_wconf 90' lang='lat' dir='ltr'>et</span> <span class='ocrx_word' id='word_1_282' title='bbox 368 1847 572 1894; x_wconf 81' lang='lat' dir='ltr'>expetitam</span> <span class='ocrx_word' id='word_1_283' title='bbox 605 1846 839 1882; x_wconf 88' lang='lat' dir='ltr'>securitatem</span> <span class='ocrx_word' id='word_1_284' title='bbox 870 1847 1125 1893; x_wconf 66' lang='lat' dir='ltr'>(securitatem</span> <span class='ocrx_word' id='word_1_285' title='bbox 1160 1853 1284 1883; x_wconf 89' lang='lat' dir='ltr'>autem</span> 
     </span>
     <span class='ocr_line' id='line_1_34' title="bbox 102 1899 1286 1947; baseline 0.001 -12"><span class='ocrx_word' id='word_1_286' title='bbox 102 1911 202 1935; x_wconf 84' lang='lat' dir='ltr'>nunc</span> <span class='ocrx_word' id='word_1_287' title='bbox 221 1899 367 1947; x_wconf 89' lang='lat' dir='ltr'>appello</span> <span class='ocrx_word' id='word_1_288' title='bbox 387 1900 611 1935; x_wconf 86' lang='lat' dir='ltr'>vacuitatem</span> <span class='ocrx_word' id='word_1_289' title='bbox 637 1899 882 1947; x_wconf 85' lang='lat' dir='ltr'>aegritudinis,</span> <span class='ocrx_word' id='word_1_290' title='bbox 903 1900 940 1934; x_wconf 91' lang='lat' dir='ltr'>in</span> <span class='ocrx_word' id='word_1_291' title='bbox 970 1912 1044 1947; x_wconf 87' lang='lat' dir='ltr'>qua</span> <span class='ocrx_word' id='word_1_292' title='bbox 1074 1899 1149 1934; x_wconf 90' lang='lat' dir='ltr'>vita</span> <span class='ocrx_word' id='word_1_293' title='bbox 1176 1900 1286 1936; x_wconf 84' lang='lat' dir='ltr'>beata</span> 
     </span>
     <span class='ocr_line' id='line_1_35' title="bbox 101 1951 1286 2001; baseline 0.001 -14"><span class='ocrx_word' id='word_1_294' title='bbox 101 1952 223 2001; x_wconf 88' lang='lat' dir='ltr'>posita</span> <span class='ocrx_word' id='word_1_295' title='bbox 252 1951 325 1997; x_wconf 83' lang='lat' dir='ltr'>est)</span> <span class='ocrx_word' id='word_1_296' title='bbox 355 1952 488 1988; x_wconf 89' lang='lat' dir='ltr'>habere</span> <span class='ocrx_word' id='word_1_297' title='bbox 521 1953 717 2000; x_wconf 85' lang='lat' dir='ltr'>quisquam</span> <span class='ocrx_word' id='word_1_298' title='bbox 748 1959 881 2000; x_wconf 89' lang='lat' dir='ltr'>potest,</span> <span class='ocrx_word' id='word_1_299' title='bbox 912 1952 971 1988; x_wconf 92' lang='lat' dir='ltr'>cui</span> <span class='ocrx_word' id='word_1_300' title='bbox 999 1959 1064 1988; x_wconf 83' lang='lat' dir='ltr'>aut</span> <span class='ocrx_word' id='word_1_301' title='bbox 1096 1952 1192 1987; x_wconf 85' lang='lat' dir='ltr'>adsit</span> <span class='ocrx_word' id='word_1_302' title='bbox 1220 1959 1286 1988; x_wconf 88' lang='lat' dir='ltr'>aut</span> 
     </span>
     <span class='ocr_line' id='line_1_36' title="bbox 102 2005 1287 2053; baseline 0 -12"><span class='ocrx_word' id='word_1_303' title='bbox 102 2005 230 2041; x_wconf 88' lang='lat' dir='ltr'>adesse</span> <span class='ocrx_word' id='word_1_304' title='bbox 252 2005 367 2053; x_wconf 86' lang='lat' dir='ltr'>possit</span> <span class='ocrx_word' id='word_1_305' title='bbox 395 2005 596 2041; x_wconf 86' lang='lat' dir='ltr'>multitudo</span> <span class='ocrx_word' id='word_1_306' title='bbox 625 2005 835 2041; x_wconf 84' lang='lat' dir='ltr'>malorum?</span> <span class='ocrx_word' id='word_1_307' title='bbox 892 2005 970 2044; x_wconf 78' lang='lat' dir='ltr'>Qui</span> <span class='ocrx_word' id='word_1_308' title='bbox 998 2014 1122 2041; x_wconf 89' lang='lat' dir='ltr'>autem</span> <span class='ocrx_word' id='word_1_309' title='bbox 1150 2006 1287 2052; x_wconf 88' lang='lat' dir='ltr'>poterit</span> 
     </span>
     <span class='ocr_line' id='line_1_37' title="bbox 102 2059 1284 2106; baseline -0.001 -12"><span class='ocrx_word' id='word_1_310' title='bbox 102 2070 182 2094; x_wconf 89' lang='lat' dir='ltr'>esse</span> <span class='ocrx_word' id='word_1_311' title='bbox 201 2059 320 2095; x_wconf 90' lang='lat' dir='ltr'>celsus</span> <span class='ocrx_word' id='word_1_312' title='bbox 340 2067 375 2094; x_wconf 90' lang='lat' dir='ltr'>et</span> <span class='ocrx_word' id='word_1_313' title='bbox 395 2066 538 2094; x_wconf 88' lang='lat' dir='ltr'>erectus</span> <span class='ocrx_word' id='word_1_314' title='bbox 557 2066 594 2094; x_wconf 87' lang='lat' dir='ltr'>et</span> <span class='ocrx_word' id='word_1_315' title='bbox 608 2071 662 2101; x_wconf 89' lang='lat' dir='ltr'>ea,</span> <span class='ocrx_word' id='word_1_316' title='bbox 679 2071 764 2106; x_wconf 84' lang='lat' dir='ltr'>quae</span> <span class='ocrx_word' id='word_1_317' title='bbox 780 2059 920 2094; x_wconf 91' lang='lat' dir='ltr'>homini</span> <span class='ocrx_word' id='word_1_318' title='bbox 937 2059 1098 2094; x_wconf 85' lang='lat' dir='ltr'>accidere</span> <span class='ocrx_word' id='word_1_319' title='bbox 1114 2064 1284 2105; x_wconf 90' lang='lat' dir='ltr'>possunt,</span> 
     </span>
     <span class='ocr_line' id='line_1_38' title="bbox 103 2111 1319 2160; baseline 0 -13"><span class='ocrx_word' id='word_1_320' title='bbox 103 2112 228 2147; x_wconf 91' lang='lat' dir='ltr'>omnia</span> <span class='ocrx_word' id='word_1_321' title='bbox 255 2124 369 2159; x_wconf 91' lang='lat' dir='ltr'>parva</span> <span class='ocrx_word' id='word_1_322' title='bbox 397 2112 549 2153; x_wconf 81' lang='lat' dir='ltr'>ducens,</span> <span class='ocrx_word' id='word_1_323' title='bbox 574 2112 722 2159; x_wconf 90' lang='lat' dir='ltr'>qualem</span> <span class='ocrx_word' id='word_1_324' title='bbox 752 2112 957 2160; x_wconf 89' lang='lat' dir='ltr'>sapientem</span> <span class='ocrx_word' id='word_1_325' title='bbox 988 2124 1067 2146; x_wconf 85' lang='lat' dir='ltr'>esse</span> <span class='ocrx_word' id='word_1_326' title='bbox 1097 2111 1284 2154; x_wconf 86' lang='lat' dir='ltr'>volumus,</span> <span class='ocrx_word' id='word_1_327' title='bbox 1316 2128 1319 2129; x_wconf 43' lang='lat'><em>⁷</em></span> 
     </span>
     <span class='ocr_line' id='line_1_39' title="bbox 101 2164 1283 2212; baseline -0.001 -12"><span class='ocrx_word' id='word_1_328' title='bbox 101 2164 174 2200; x_wconf 89' lang='lat' dir='ltr'>nisi</span> <span class='ocrx_word' id='word_1_329' title='bbox 194 2165 317 2201; x_wconf 85' lang='lat' dir='ltr'>onmia</span> <span class='ocrx_word' id='word_1_330' title='bbox 335 2165 404 2200; x_wconf 86' lang='lat' dir='ltr'>sibi</span> <span class='ocrx_word' id='word_1_331' title='bbox 423 2165 461 2200; x_wconf 91' lang='lat' dir='ltr'>in</span> <span class='ocrx_word' id='word_1_332' title='bbox 482 2177 519 2200; x_wconf 90' lang='lat' dir='ltr'>se</span> <span class='ocrx_word' id='word_1_333' title='bbox 539 2165 660 2212; x_wconf 86' lang='lat' dir='ltr'>posita</span> <span class='ocrx_word' id='word_1_334' title='bbox 672 2165 868 2201; x_wconf 76' lang='lat' dir='ltr'>censebit?</span> <span class='ocrx_word' id='word_1_335' title='bbox 915 2166 975 2200; x_wconf 88' lang='lat' dir='ltr'>An</span> <span class='ocrx_word' id='word_1_336' title='bbox 993 2164 1283 2208; x_wconf 76' lang='lat' dir='ltr'>Lacedaemonii,</span> 
     </span>
     <span class='ocr_line' id='line_1_40' title="bbox 101 2216 1284 2266; baseline 0 -13"><span class='ocrx_word' id='word_1_337' title='bbox 101 2216 279 2266; x_wconf 87' lang='lat' dir='ltr'>Philippo</span> <span class='ocrx_word' id='word_1_338' title='bbox 314 2218 508 2253; x_wconf 82' lang='lat' dir='ltr'>minitante</span> <span class='ocrx_word' id='word_1_339' title='bbox 540 2230 605 2265; x_wconf 92' lang='lat' dir='ltr'>per</span> <span class='ocrx_word' id='word_1_340' title='bbox 633 2218 787 2261; x_wconf 84' lang='lat' dir='ltr'>litteras,</span> <span class='ocrx_word' id='word_1_341' title='bbox 819 2230 857 2253; x_wconf 90' lang='lat' dir='ltr'>se</span> <span class='ocrx_word' id='word_1_342' title='bbox 888 2217 1024 2260; x_wconf 89' lang='lat' dir='ltr'>omnia,</span> <span class='ocrx_word' id='word_1_343' title='bbox 1059 2229 1144 2264; x_wconf 89' lang='lat' dir='ltr'>quae</span> <span class='ocrx_word' id='word_1_344' title='bbox 1172 2229 1284 2253; x_wconf 89' lang='lat' dir='ltr'>cona-</span> 
     </span>
     <span class='ocr_line' id='line_1_41' title="bbox 103 2270 1285 2319; baseline 0.001 -14"><span class='ocrx_word' id='word_1_345' title='bbox 103 2277 241 2315; x_wconf 87' lang='lat' dir='ltr'>rentur,</span> <span class='ocrx_word' id='word_1_346' title='bbox 268 2271 553 2319; x_wconf 71' lang='lat' dir='ltr'>prohibsturum,</span> <span class='ocrx_word' id='word_1_347' title='bbox 575 2271 841 2319; x_wconf 89' lang='lat' dir='ltr'>quaesiverunt,</span> <span class='ocrx_word' id='word_1_348' title='bbox 860 2283 951 2305; x_wconf 90' lang='lat' dir='ltr'>num</span> <span class='ocrx_word' id='word_1_349' title='bbox 981 2283 1018 2305; x_wconf 90' lang='lat' dir='ltr'>se</span> <span class='ocrx_word' id='word_1_350' title='bbox 1047 2277 1145 2305; x_wconf 90' lang='lat' dir='ltr'>esset</span> <span class='ocrx_word' id='word_1_351' title='bbox 1172 2270 1285 2306; x_wconf 89' lang='lat' dir='ltr'>etiam</span> 
     </span>
     <span class='ocr_line' id='line_1_42' title="bbox 103 2323 1285 2372; baseline 0 -14"><span class='ocrx_word' id='word_1_352' title='bbox 103 2323 195 2359; x_wconf 91' lang='lat' dir='ltr'>mori</span> <span class='ocrx_word' id='word_1_353' title='bbox 215 2324 492 2372; x_wconf 84' lang='lat' dir='ltr'>prohibiturus;</span> <span class='ocrx_word' id='word_1_354' title='bbox 523 2323 579 2359; x_wconf 92' lang='lat' dir='ltr'>vir</span> <span class='ocrx_word' id='word_1_355' title='bbox 602 2323 646 2366; x_wconf 83' lang='lat' dir='ltr'>is,</span> <span class='ocrx_word' id='word_1_356' title='bbox 677 2336 788 2372; x_wconf 90' lang='lat' dir='ltr'>quem</span> <span class='ocrx_word' id='word_1_357' title='bbox 817 2323 1031 2371; x_wconf 88' lang='lat' dir='ltr'>quaerimus‚</span> <span class='ocrx_word' id='word_1_358' title='bbox 1060 2335 1134 2358; x_wconf 86' lang='lat' dir='ltr'>nou</span> <span class='ocrx_word' id='word_1_359' title='bbox 1164 2323 1285 2359; x_wconf 88' lang='lat' dir='ltr'>multo</span> 
     </span>
     <span class='ocr_line' id='line_1_43' title="bbox 103 2374 1283 2425; baseline 0.001 -15"><span class='ocrx_word' id='word_1_360' title='bbox 103 2374 246 2413; x_wconf 87' lang='lat' dir='ltr'>facilius</span> <span class='ocrx_word' id='word_1_361' title='bbox 279 2377 343 2413; x_wconf 91' lang='lat' dir='ltr'>tali</span> <span class='ocrx_word' id='word_1_362' title='bbox 376 2377 498 2413; x_wconf 88' lang='lat' dir='ltr'>animo</span> <span class='ocrx_word' id='word_1_363' title='bbox 532 2377 733 2425; x_wconf 86' lang='lat' dir='ltr'>reperietur</span> <span class='ocrx_word' id='word_1_364' title='bbox 769 2389 882 2425; x_wconf 89' lang='lat' dir='ltr'>quam</span> <span class='ocrx_word' id='word_1_365' title='bbox 919 2376 1047 2412; x_wconf 86' lang='lat' dir='ltr'>civitas</span> <span class='ocrx_word' id='word_1_366' title='bbox 1083 2375 1283 2412; x_wconf 74' lang='lat' dir='ltr'>universa?</span> 
     </span>
    </p>
   </div>
  </div>
 </body>
</html>
