1471 2585
202 79 252 114 60
496 88 700 113 TuscoLAN
731 87 1029 112 DISPUTATIONS.
1193 73 1383 126 [58—61.

147 191 186 220 58
257 186 383 231 Atque
412 183 482 219 hoc
510 189 752 231 praeceptum,
772 183 872 231 quod
903 183 948 218 de
978 183 1104 219 dolore
1133 183 1254 227 datur,
1283 189 1387 231 patet

203 237 328 273 latius.
387 237 572 273 Omnibus
593 237 689 272 enim
716 237 836 281 rebuS‚
865 249 939 272 non
968 236 1087 273 solum
1117 237 1246 280 dolori,
1274 236 1387 272 simili

205 290 443 327 contentione
490 290 604 326 animi
649 290 893 325 resistendum
930 297 999 326 est.
1070 290 1130 326 Ira
1166 290 1387 334 exardescit,

204 344 320 380 libido
343 345 573 380 concitatur:
603 343 641 379 in
669 344 822 379 eandem
849 356 968 379 arcem
997 343 1289 392 confugiendum
1319 350 1387 387 est,

204 398 332 433 eadem
365 405 451 432 sunt
481 409 582 432 arma
613 397 805 433 sumenda.
871 397 943 432 Sed
975 397 1150 444 quoniam
1183 397 1228 433 de
1262 397 1388 433 dolore

203 450 406 498 loquimur,
423 450 486 486 illa
507 450 734 486 omittamus.
796 450 855 486 Ad
877 450 1068 486 serendum
1088 450 1201 499 igitur
1221 450 1387 486 dolorem

204 504 347 552 placide
376 510 487 551 atque
513 504 638 540 sedate
661 503 863 551 plurimum
886 504 1032 551 proficit
1058 510 1136 539 toto
1166 510 1325 551 pectore,
1346 509 1390 539 ut

204 557 350 600 dicitur,
377 557 547 605 cogitare,
568 569 681 604 quam
710 558 747 592 id
776 557 974 592 honestum
1006 557 1066 594 sit.
1123 557 1263 593 Sumus
1289 557 1389 593 enim

203 618 348 653 natura,
368 618 411 646 ut
430 618 514 646 ante
535 611 613 646 dixi
630 609 845 657 (dicendum
865 617 922 646 est
938 611 1035 646 enirn
1055 609 1227 658 saepius),
1245 610 1389 646 studio-

205 664 341 700 sissimi
378 664 747 712 appetentissimique
785 664 1012 700 honestatis:
1059 664 1165 712 cujus
1213 663 1243 699 si
1281 663 1391 711 quasi

203 717 329 753 lumen
357 717 508 765 aliquod
540 718 793 765 adspeximus,
819 717 911 752 nihil
941 725 1008 761 est,
1030 718 1142 766 quod,
1164 723 1208 753 ut
1226 730 1269 753 eo
1293 717 1390 765 poti-

205 783 323 814 amur,
353 783 427 806 non
457 771 575 818 parati
605 771 720 806 simus
752 779 790 806 et
821 771 913 806 serre
945 778 982 807 et
1011 772 1166 819 perpeti.
1224 771 1288 807 Ex
1320 770 1391 806 hoc

205 837 315 860 cursu
341 832 453 872 atque
478 824 619 872 impetu
647 825 853 860 animorum
880 825 926 860 ad
953 837 1074 860 verani
1103 824 1252 860 laudem
1278 830 1391 871 atque

205 878 438 913 honestatem
464 877 529 913 illa
559 877 722 925 pericula
750 878 934 914 adeuntur
952 878 989 914 in
1011 878 1179 926 proeliis;
1210 890 1285 913 non
1307 889 1395 912 sen--

206 931 305 967 tiunt
326 931 392 966 viri
413 931 524 966 fortes
552 931 590 966 in
617 932 693 967 acie
721 931 888 974 vulnera,
911 932 969 967 vel
997 932 1174 974 sentiunt,
1206 931 1271 966 sed
1297 930 1392 966 mori

207 985 363 1027 malunt,
385 997 495 1032 quam
526 992 671 1020 tantum
702 985 811 1020 modo
832 985 876 1020 de
903 985 1094 1032 dignitatis
1119 984 1236 1032 gradu
1263 984 1391 1020 demo-

151 1048 190 1078 59
208 1039 296 1074 veri.
357 1038 558 1086 Fulgentes
584 1038 726 1085 gladios
753 1038 917 1074 hostium
938 1039 1115 1074 videbant
1136 1037 1253 1080 Decii,
1273 1049 1392 1085 quum

207 1091 245 1127 in
281 1092 396 1127 aciem
426 1104 552 1127 eorum
582 1092 785 1128 irruebant.
854 1091 926 1127 His
955 1091 1105 1127 levabat
1133 1102 1282 1127 omnem
1310 1091 1393 1126 vul-

207 1157 336 1180 nerum
375 1151 515 1180 metum
554 1145 729 1180 nobilitas
762 1144 892 1181 mortis
923 1152 959 1180 et
988 1145 1116 1193 gloria.
1176 1144 1279 1180 Num
1313 1151 1394 1180 tum

206 1198 432 1246 ingemuisse
461 1198 761 1245 Epaminondam
788 1205 909 1246 putas,
939 1211 1057 1246 quum
1087 1210 1162 1234 una
1191 1210 1276 1234 cum
1307 1210 1394 1234 san-

206 1251 320 1300 guine
338 1252 450 1287 vitam
471 1252 621 1287 effluere
641 1252 792 1287 sentiret
810 1251 823 1287 ’ἐ
853 1251 1096 1299 imperantem
1117 1251 1216 1287 enim
1236 1251 1393 1298 patriam

207 1305 504 1341 Lacedaemoniis
533 1305 776 1352 relinquebat,
802 1317 913 1352 quam
942 1313 1131 1352 acceperat
1157 1304 1392 1341 servientem.

210 1358 306 1394 Haec
327 1365 414 1394 sunt
433 1358 574 1399 solatia,
596 1358 676 1393 haec
698 1359 860 1393 fomenta
879 1371 1110 1393 summorum
1132 1358 1314 1394 dolorum.
1377 1396 1400 1405 x

150 1423 190 1452 (50
262 1411 389 1447 XXV.
430 1411 554 1453 Dices,
587 1411 677 1458 quid
705 1412 740 1446 in
774 1411 893 1459 pace?
941 1412 1030 1459 quid
1068 1411 1197 1447 domi?
1234 1410 1324 1458 quid
1356 1410 1394 1446 in

207 1464 375 1500 lectulo?
435 1464 495 1500 Ad
516 1464 757 1512 philosophos
777 1477 835 1500 me
856 1478 1017 1509 revocas,
1039 1465 1104 1512 qui
1122 1465 1158 1500 in
1181 1465 1295 1500 aciem
1319 1476 1395 1500 non

209 1531 310 1566 saepe
329 1518 527 1566 prodeunt.
585 1517 618 1553 E
635 1518 771 1565 quibus
791 1518 902 1553 homo
923 1531 1009 1554 sane
1030 1519 1134 1563 levis,
1153 1518 1394 1554 Heracleotes

208 1571 429 1619 Dionysius,
451 1583 566 1618 quum
588 1584 607 1606 a
622 1571 772 1607 Zenone
788 1571 891 1607 fortis
911 1585 989 1607 esse
1009 1572 1208 1615 didicisset,
1229 1584 1249 1607 a
1270 1570 1396 1607 dolore

208 1625 388 1661 dedoctus
409 1631 476 1660 est.
536 1625 632 1660 Nam
650 1637 767 1672 quum
795 1638 842 1659 ex
872 1625 1023 1661 renibus
1043 1625 1235 1668 laboraret,
1256 1624 1337 1672 ipso
1356 1624 1395 1660 in

209 1678 353 1726 ejulatu
383 1678 606 1721 clamitabat,
634 1679 724 1714 falsa
753 1690 831 1713 esse
860 1678 934 1720 illa,
953 1691 1040 1726 quae
1069 1685 1177 1713 antea
1205 1678 1250 1713 de
1270 1677 1396 1713 dolore

208 1731 286 1779 ipse
321 1731 509 1767 sensisset.
580 1732 704 1770 Quem
740 1744 856 1778 quum
891 1732 1090 1767 Cleanthes
1119 1731 1396 1778 condiscipulus

209 1792 365 1833 rogaret,
386 1797 558 1832 quaenam
580 1786 672 1820 ratio
693 1797 780 1820 eum
807 1785 851 1821 de
879 1785 1062 1820 sententia
1086 1784 1317 1826 deduxisset,
1338 1796 1395 1819 re-

210 1839 386 1886 spondit:
425 1841 447 1856 ‘⁶
463 1838 574 1882 Quia,
596 1851 711 1886 quum
733 1844 879 1874 tantum
906 1851 1028 1886 operae
1058 1837 1303 1886 philosophiae
1331 1837 1396 1872 de-

210 1891 360 1934 dissem,
394 1891 559 1926 dolorem
594 1899 717 1927 tamen
751 1892 842 1927 ferre
878 1904 953 1927 non
989 1904 1148 1940 possem,
1183 1891 1270 1926 satis
1300 1897 1398 1926 esset

211 1944 431 1993 argumenti,
448 1944 588 1979 malum
610 1958 689 1980 esse
709 1945 886 1982 dolorem.
928 1945 1115 1981 Plurimos
1134 1952 1258 1980 autem
1279 1955 1397 1980 annos

210 1998 247 2033 in
278 1997 513 2046 philosophia
541 1998 779 2047 consumpsi3
823 2011 889 2034 nec
919 1999 1009 2034 ferre
1038 2009 1214 2046 possum3
1256 1997 1397 2032 malum

211 2058 268 2087 est
296 2051 407 2098 igitur
424 2051 565 2086 dolor.'’
623 2051 718 2086 Tum
746 2052 979 2095 Cleanthem,
1000 2063 1115 2099 quum
1143 2051 1236 2099 pede
1264 2056 1398 2086 terram

211 2104 466 2152 percussisset,
488 2116 636 2139 versum
655 2117 703 2139 ex
727 2104 908 2153 Epigonis
924 2106 1046 2140 ferunt
1066 2104 1205 2140 dixisse
1223 2117 1231 2140 ε

388 2189 533 2219 Audisne
549 2188 631 2227 haec,
649 2188 860 2228 AmphiarAe,
875 2189 935 2219 sub
951 2193 1074 2219 terram
1092 2187 1200 2218 abdite
1214 2188 1223 2218 ἓ

155 2275 191 2304 61
213 2266 401 2302 Zenonem
417 2268 660 2316 significabat,
677 2280 698 2303 a
711 2279 785 2314 quo
801 2267 905 2303 illum
923 2268 1142 2316 degenerare
1154 2266 1314 2301 dolebat.
1346 2266 1400 2302 At

213 2333 287 2356 non
320 2328 444 2356 noster
467 2321 702 2364 Posidonius,
732 2332 844 2368 quein
871 2329 908 2357 et
935 2321 1014 2368 ipse
1044 2332 1143 2367 saepe
1178 2319 1262 2362 vidi,
1293 2325 1331 2354 et
1359 2319 1398 2355 id

214 2373 346 2418 dicam,
368 2374 468 2422 quod
490 2374 632 2410 solebat
655 2386 800 2410 narrare
822 2374 1023 2422 Pompeius
1041 2386 1049 2410 :
1080 2385 1131 2417 se,
1152 2384 1269 2420 quum
1292 2372 1397 2409 Rho-
