1471 2585
68 56 261 109 54—56.]
410 70 515 95 Boox
545 70 604 94 111.
625 69 742 94 cHAP.
766 59 935 94 21—23.
1206 63 1253 98 81

68 166 238 202 rinthios.
290 165 343 202 Hi
358 170 530 213 poterant
548 177 677 201 omnes
697 165 827 201 eadem
846 165 911 201 illa
930 165 975 201 de
994 165 1258 202 Andromacha

69 220 284 268 deplorare:
323 217 424 255 Haec
453 220 571 255 omnia
600 219 699 255 vidi.
733 246 742 255 .
775 233 815 262 .‚·
846 219 908 254 sed
934 218 1013 267 jam
1034 219 1255 255 decantave-

62 279 153 309 rant
169 273 336 309 fortasse.
387 273 444 308 Eo
465 273 563 308 enim
583 270 688 308 erant
715 271 833 316 vultu,
863 272 1040 315 oratione,
1071 272 1172 308 omni
1200 285 1257 308 re-

70 326 174 374 liquo
200 333 306 362 motu
334 328 371 361 et
399 332 512 370 statu,
533 332 576 362 ut
604 338 667 362 eos
687 325 852 373 Argivos
881 332 946 361 aut
975 325 1172 374 Sicyonios
1201 325 1257 361 di-

54 391 193 423 sceresg
225 379 416 428 magisque
436 392 495 415 me
522 386 718 415 moverant
738 379 907 415 Corinthi
927 379 1050 415 subito
1070 380 1257 428 adspectae

71 432 275 480 parietinae,
303 445 416 481 quam
448 433 549 481 ipsos
571 432 796 475 Corinthios,
826 445 986 480 quorum
1013 433 1145 469 animis
1174 432 1258 469 diu-

71 493 182 522 turna
201 486 374 534 cogitatio
395 485 532 522 callum
553 485 748 522 vetustatis
769 486 990 522 obduxerat.

124 539 304 588 Legimus
323 539 459 575 librum
477 539 711 583 Clitomachi,
731 551 845 587 quem
865 539 927 575 ille
947 552 1075 575 eversa
1095 539 1258 575 Kartha-

70 592 157 640 gine
173 592 274 628 misit
292 593 507 629 consolandi
536 606 663 629 caussa
693 593 740 629 ad
769 592 935 641 captivos
955 594 1054 629 cives
1075 605 1190 637 suos;
1220 592 1259 628 in

69 658 115 682 eo
135 652 190 682 est
208 646 410 695 disputatio
432 646 567 694 scripta
587 646 801 691 Carneadis,
822 659 933 694 quam
964 659 1002 682 se
1029 647 1080 682 ait
1099 647 1136 682 in
1158 659 1258 682 corn-

58 700 295 747 ymentarium
324 700 506 736 retulisse.
568 700 697 739 Quum
726 699 780 736 ita
808 700 972 747 positum
1004 705 1112 743 esset,
1144 699 1260 735 videri

71 752 148 788 fore
174 753 212 789 in
239 753 461 802 aegritudine
491 753 696 802 sapientem
724 753 843 802 patria
871 759 989 802 capta,
1011 766 1097 801 quae
1120 753 1259 789 Carne-

72 806 161 842 ades
188 814 315 843 contra
340 807 489 851 dixerit,
510 807 646 856 scripta
673 814 772 843 sunt.
831 806 953 843 Tanta
975 808 1088 855 igitur
1106 806 1259 842 calami-

72 860 159 895 tatis
177 861 372 908 praesentis
399 860 596 896 adhibetur
615 873 636 896 a
655 859 876 909 philosopho
901 861 1096 904 medicina,
1118 866 1260 908 quanta

72 912 113 948 in
140 913 345 950 inveterata
380 927 426 950 ne
463 914 692 950 desideratur
721 913 897 962 quidem;
938 927 1018 958 nec,
1050 914 1080 949 si
1115 913 1259 961 aliquot

73 966 180 1002 annis
199 974 285 1015 post
301 968 401 1003 idem
428 967 491 1004 ille
522 967 615 1004 liber
644 967 800 1015 captivis
831 967 966 1004 missus
995 973 1103 1011 esset,
1124 967 1259 1002 vulne-

71 1019 176 1055 ribus
194 1021 415 1064 mederetur,
436 1021 500 1057 sed
519 1021 764 1058 cicatricibus.
808 1020 954 1057 Sensim
975 1021 1073 1057 enirn
1089 1026 1127 1056 et
1145 1021 1258 1069 pede-

74 1072 207 1109 tentim
244 1074 482 1123 progrediens
524 1081 753 1111 extenuatur
782 1074 912 1119 dolor3
955 1088 1030 1111 non
1067 1087 1143 1122 quo
1179 1074 1260 1122 ipsa

73 1138 131 1161 res
167 1126 357 1163 immutari
394 1127 511 1163 soleat
547 1133 611 1163 aut
647 1128 790 1176 possit3
836 1128 901 1163 sed
936 1128 986 1171 id,
1027 1128 1129 1175 quod
1165 1127 1259 1163 ratio

73 1179 263 1224 debuerat,
297 1193 387 1216 usus
416 1181 536 1225 docet,
573 1181 718 1217 minora
751 1194 831 1218 esse
868 1193 922 1226 ea,
954 1194 1042 1229 quae
1076 1180 1150 1216 sint
1184 1180 1261 1216 visa

71 1244 225 1281 majora.

126 1286 286 1324 XXIII.
318 1287 421 1326 Quid
441 1300 527 1336 ergo
549 1299 644 1336 opus
665 1294 733 1332 est,
754 1287 853 1324 dicet
868 1287 1015 1335 aliquis,
1035 1286 1176 1323 ratione
1196 1292 1262 1324 aut

74 1340 226 1376 omnino
246 1341 502 1377 consolatione
520 1341 598 1385 illa,
620 1353 696 1389 qua
722 1341 887 1378 solemus
912 1341 980 1385 uti,
1001 1354 1119 1388 quum
1137 1341 1261 1377 levare

73 1392 239 1430 dolorem
274 1394 510 1431 maerentium
545 1394 750 1431 volumus?
820 1395 905 1431 Hoc
942 1395 1041 1430 enim
1073 1394 1147 1431 fere
1180 1401 1262 1430 tum

73 1447 256 1484 habemus
283 1447 321 1483 in
347 1454 535 1496 promptu,
556 1448 649 1484 nihil
675 1454 844 1496 oportere
871 1448 1109 1496 inopinatum
1128 1447 1259 1484 videri.

75 1500 156 1536 Aut
174 1500 238 1549 qui
256 1501 485 1537 tolerabilius
508 1501 599 1538 feret
624 1501 915 1545 incommodum,
937 1501 1002 1550 qui
1032 1501 1260 1550 cognoverit,

75 1566 225 1590 necesse
252 1567 332 1590 esse
352 1554 494 1590 homini
523 1555 596 1591 tale
625 1555 767 1603 aliquid
790 1555 984 1592 accidere?
1043 1555 1142 1591 Haec
1162 1555 1261 1590 enim

75 1608 191 1644 oratio
211 1607 256 1643 de
275 1607 356 1656 ipsa
375 1620 522 1644 summa
539 1608 628 1644 mali
652 1608 747 1644 nihil
774 1609 945 1652 detrahit,
973 1614 1120 1643 tantum
1151 1608 1262 1644 modo

74 1660 192 1704 affert,
209 1660 302 1697 nihil
321 1661 499 1705 evenisse,
518 1662 619 1710 quod
638 1674 714 1697 non
734 1662 962 1710 opinandum
982 1661 1125 1697 suisset.
1183 1661 1261 1697 Ne-

75 1726 149 1762 que
168 1720 294 1750 tamen
313 1727 431 1763 genus
458 1715 496 1751 id
524 1714 701 1751 orationis
730 1715 768 1750 in
798 1715 1025 1751 consolando
1053 1726 1129 1749 non
1149 1714 1260 1759 valet,

75 1767 140 1803 sed
160 1767 198 1802 id
216 1768 315 1804 haud
336 1768 449 1804 sciam
475 1781 521 1803 an
547 1769 764 1816 plurimum.
822 1768 923 1817 Ergo
947 1768 1019 1803 ista
1038 1767 1261 1815 necopinata

74 1833 151 1856 non
170 1819 310 1857 habent
327 1827 468 1857 tantam
490 1821 579 1866 vim,
607 1828 650 1857 ut
679 1821 862 1869 aegritudo
890 1834 939 1857 ex
964 1821 1009 1856 iis
1038 1821 1159 1856 omnis
1188 1821 1260 1857 ori-

75 1881 185 1918 atur3
217 1873 353 1909 feriunt
383 1874 482 1909 enim
510 1875 666 1910 fortasse
697 1875 874 1922 gravius;
909 1887 984 1910 non
1014 1874 1053 1910 id
1081 1874 1260 1917 efficiunt,

74 1934 118 1963 ut
137 1939 191 1971 ea,
211 1940 297 1975 quae
317 1926 497 1971 accidant,
518 1927 658 1976 majora
677 1928 897 1973 videantur-3
918 1928 1058 1977 majora
1074 1928 1260 1970 videntur,

74 1980 163 2029 quia
181 1980 344 2017 recentia
363 1988 462 2024 sunt,
483 1993 558 2017 non
576 1981 664 2029 quia
683 1981 888 2029 repentina.

127 2034 285 2082 Duplex
319 2040 375 2069 est
412 2033 526 2081 igitur
561 2034 653 2070 ratio
686 2035 763 2071 veri
800 2034 1007 2083 reperiendi
1039 2046 1115 2070 non
1145 2033 1183 2069 in
1216 2033 1261 2069 iis

75 2087 211 2132 solum,
233 2100 320 2135 quae
341 2086 449 2130 mala,
469 2088 534 2123 sed
561 2086 600 2123 in
628 2087 673 2123 iis
699 2087 822 2132 etiam,
843 2101 929 2136 quae
957 2088 1055 2124 bona
1073 2087 1260 2123 videntur.

76 2141 174 2177 Nam
193 2147 259 2177 aut
284 2140 402 2189 ipsius
427 2140 480 2176 rei
508 2146 642 2177 natura
669 2142 790 2188 qualis
819 2148 856 2177 et
874 2147 1016 2189 quanta
1043 2140 1101 2184 sit,
1123 2139 1261 2188 quaeri-

76 2207 173 2238 mus,
193 2201 236 2230 ut
255 2194 300 2230 de
325 2200 543 2242 paupertate
565 2206 862 2243 nonnumquam,
884 2194 990 2242 cujus
1018 2205 1112 2229 onus
1131 2193 1261 2241 dispu-

76 2248 188 2284 tando
220 2247 402 2291 levamus,
435 2247 610 2283 docentes
642 2260 755 2296 quam
788 2260 902 2296 parva
935 2253 972 2283 et
1000 2259 1112 2294 quam
1143 2259 1261 2294 pauca

74 2301 163 2345 sint,
183 2313 268 2350 quae
285 2307 417 2337 natura
436 2301 641 2346 desideret3
672 2309 738 2338 aut
762 2313 783 2337 a
809 2300 1027 2349 disputandi
1054 2299 1260 2336 subtilitate

1279 545 1319 573 54

1280 1293 1319 1321 55

1280 2040 1319 2069 56
