1471 2585
69 107 204 159 1—3.]
260 121 363 146 Boon
383 120 425 145 11.
447 120 564 146 CHAP.
586 110 649 149 27.
687 121 791 146 ΒοοΚ
820 121 880 146 111.
901 121 1020 146 CHAP.
1045 114 1076 155 l,
1099 114 1135 146 2.
1193 114 1241 148 63

121 216 217 252 Haec
235 215 309 251 fere
333 215 403 252 hoc
431 222 595 264 tempore
622 216 753 264 putavi
780 229 859 252 esse
887 217 1052 254 dicenda.
1111 218 1184 253 Sed
1204 224 1244 254 tu

54 269 218 305 ‚fortasse
235 269 273 305 in
299 269 480 305 sententia
498 282 703 318 permanes.
760 269 810 306 A.
842 270 998 306 Minime
1026 284 1133 315 vero;
1166 284 1244 307 me-

67 335 139 370 que
158 322 272 358 biduo
292 323 447 359 duarum
468 336 601 367 rerum,
623 336 714 371 quas
744 324 908 359 maxime
929 324 1116 368 timebam,
1138 337 1244 372 spero

65 375 261 411 liberatum
281 383 396 412 metu.
443 375 503 413 M.
526 377 616 412 Cras
633 389 718 424 ergo
738 377 783 412 ad
803 377 1032 425 clepsydram
1054 376 1125 426 (sic
1145 378 1245 414 enim

48 427 271 476 *diximus);
303 430 363 465 sed
387 429 453 465 tibi
473 430 542 465 hoc
563 430 669 465 video
689 442 759 465 non
781 443 889 478 posse
909 431 1044 466 deberi.
1102 431 1153 468 A.
1185 431 1246 468 Ita

64 494 227 530 prorsus.
263 482 336 518 'Et
364 483 458 519 illud
488 483 637 532 quidem
667 490 752 519 ante
781 484 991 525 meridiem;
1023 484 1091 520 hoc
1115 485 1244 521 eodem

66 543 242 583 tempore.
311 535 371 573 M.
417 537 478 573 Sic
514 537 702 582 faciemus,
740 537 888 586 tuisque
923 537 1073 586 optimis
1111 538 1245 575 studiis

64 589 324 637 obsequemur.

409 820 595 861 LIBER
624 819 896 861 TERTIUS.

68 911 101 948 I.
144 912 343 951 QUIDNAM
378 925 469 956 esse,
504 913 630 956 Brute,
665 925 808 948 caussae
846 918 987 960 putem,
1022 924 1097 955 cur,
1130 923 1246 959 quum

66 973 278 1002 constemus
298 979 346 1002 ex
366 967 489 1002 animo
509 974 546 1002 et
565 979 726 1014 corpore,
744 967 905 1014 corporis
925 966 1077 1001 curandi
1098 965 1246 1000 tuendi-

67 1030 140 1065 que
157 1031 286 1055 caussa
307 1020 464 1067 quaesita
482 1020 529 1056 sit
553 1032 610 1055 ars
639 1019 795 1068 ejusque
823 1019 966 1055 utilitas
995 1019 1147 1055 deorum
1178 1019 1248 1053 im-

67 1072 281 1108 mortalium
296 1073 502 1108 inventioni
523 1080 757 1117 consecrata3
788 1073 902 1108 animi
921 1080 1045 1108 autem
1065 1072 1249 1107 medicina

69 1136 137 1161 nec
158 1132 231 1161 tam
251 1126 455 1162 desiderata
475 1126 533 1169 sit,
549 1132 748 1174 antequam
768 1125 932 1169 inventa,
953 1139 1020 1161 nec
1040 1133 1113 1161 tam
1135 1125 1247 1169 culta,

68 1185 311 1227 posteaquam
332 1179 479 1227 cognita
498 1187 564 1223 est,
582 1191 648 1214 nec
664 1186 738 1214 tam
757 1179 884 1214 multis
903 1186 1007 1227 grata
1026 1185 1062 1214 et
1082 1178 1247 1226 probata,

68 1231 238 1279 pluribus
258 1232 369 1268 etiam
399 1240 569 1280 suspecta
588 1240 625 1268 et
643 1231 794 1267 invisa?
851 1232 925 1275 An,
957 1232 1058 1279 quod
1088 1231 1249 1279 corporis

69 1285 287 1332 gravitatem
307 1293 344 1321 et
361 1286 523 1321 dolorem
542 1286 665 1321 animo
687 1285 912 1334 judicamus,
940 1285 1052 1321 animi
1077 1286 1250 1320 morbum

70 1350 219 1386 corpore
249 1351 324 1374 non
358 1339 564 1375 sentimus?
622 1339 682 1374 Ita
709 1339 762 1382 fit,
794 1345 837 1374 ut
855 1339 1000 1374 animus
1028 1339 1072 1373 de
1104 1351 1142 1373 se
1169 1338 1250 1386 ipse

70 1397 149 1427 tum
165 1391 319 1440 judicet,
341 1405 456 1440 quum
477 1393 514 1428 id
534 1392 668 1440 ipsum,
690 1404 764 1439 quo
779 1391 980 1439 judicatur,
1001 1397 1169 1439 aegrotet.

126 1445 271 1484 Quodsi
291 1445 382 1481 tales
407 1458 474 1481 nos
498 1453 632 1481 natura
662 1446 863 1493 genuisset,
890 1453 933 1480 ut
955 1458 1033 1480 eam
1054 1445 1171 1493 ipsam
1191 1443 1248 1479 in-

71 1498 167 1534 tueri
186 1505 223 1534 et
240 1499 444 1547 perspicere
470 1499 672 1546 eademque
698 1499 839 1546 optima
869 1499 961 1534 duce
992 1511 1138 1534 cursum
1161 1497 1250 1534 vitae

72 1552 251 1588 conficere
289 1564 492 1600 possemus,
530 1552 631 1588 haud
667 1559 744 1588 erat
781 1564 880 1594 sane,
917 1552 1018 1599 quod
1051 1551 1252 1599 quisquam

70 1605 250 1641 rationem
270 1617 312 1641 ac
329 1605 532 1641 doctrinam
551 1605 762 1653 requireret.
821 1605 932 1641 Nunc
950 1605 1125 1652 parvulos
1144 1604 1252 1640 nobis

72 1657 175 1694 dedit
202 1659 395 1707 igniculos,
416 1672 510 1707 quos
543 1659 708 1694 celeriter
735 1658 842 1694 malis
873 1658 1040 1694 moribus
1067 1657 1251 1705 opinioni-

71 1711 217 1759 busque
235 1712 424 1760 depravati
445 1712 495 1748 sic
524 1712 802 1760 restinguimuS,
824 1717 866 1747 ut
892 1724 1078 1759 nusquam
1106 1718 1250 1747 naturae

71 1763 200 1800 lumen
237 1773 423 1813 appareat.
492 1766 589 1801 Sunt
619 1765 715 1800 enim
750 1764 909 1812 ingeniis
939 1764 1072 1809 nostris
1110 1764 1252 1800 semina

71 1817 200 1854 innata
217 1818 407 1862 virtutum,
428 1831 514 1866 quae
541 1819 569 1853 si
600 1818 806 1853 adolescere
834 1817 972 1861 liceret,
1002 1818 1083 1865 ipsa
1109 1830 1177 1853 nos
1205 1818 1252 1853 ad

71 1871 220 1907 beatam
250 1871 363 1907 vitam
392 1879 525 1907 natura
552 1871 781 1919 perduceret.
837 1870 949 1906 Nunc
975 1881 1112 1914 autem,
1141 1870 1252 1906 simul

73 1932 184 1972 atque
213 1924 301 1960 editi
329 1925 368 1960 in
393 1925 513 1960 lucem
541 1931 578 1959 et
607 1924 770 1972 suscepti
798 1936 938 1968 sumus,
967 1924 1005 1959 in
1034 1924 1135 1960 omni
1163 1936 1251 1959 con-

73 1977 178 2013 tinuo
197 1977 377 2026 pravitate
396 1985 433 2013 et
451 1978 490 2013 in
510 1990 656 2013 summa
674 1977 889 2025 opinionum
909 1978 1149 2025 perversitate
1169 1989 1252 2012 ver<

74 2042 224 2075 samur3
266 2038 310 2067 ut
342 2044 449 2078 paene
479 2043 565 2066 cum
600 2031 694 2066 lacte
727 2031 881 2066 nutricis
914 2043 1071 2066 errorem
1103 2030 1252 2065 suxisse

74 2083 281 2120 videamur.
340 2084 470 2122 Quum
489 2096 575 2119 vero
595 2084 809 2132 parentibus
838 2084 984 2127 redditi,
1005 2084 1090 2119 dein
1116 2083 1251 2131 magis-

73 2137 140 2172 tris
171 2137 295 2173 traditi
325 2150 466 2180 sumus,
497 2143 576 2172 tum
605 2138 656 2172 ita
685 2138 792 2173 variis
826 2137 1027 2173 imbuimur
1056 2136 1252 2179 erroribus,

73 2197 117 2226 ut
147 2190 302 2226 vanitati
330 2191 466 2226 veritas
497 2197 534 2225 et
562 2190 727 2238 opinioni
754 2191 981 2226 confirmatae
1014 2196 1146 2225 natura
1174 2190 1255 2237 ipsa

74 2242 191 2279 cedat.

128 2296 184 2332 II.
215 2296 412 2332 Accedunt
439 2296 549 2332 etiam
575 2303 708 2345 poetae,
729 2297 805 2345 qui,
827 2309 943 2344 quum
970 2308 1142 2344 magnam
1170 2308 1252 2344 spe-

75 2349 168 2385 ciem
188 2349 365 2385 doetrinae
386 2350 653 2398 sapientiaeque
671 2363 748 2398 prae
778 2364 815 2385 se
835 2350 1012 2393 tulerunt,
1037 2350 1252 2391 audiuntur,

72 2401 261 2451 leguntur,
278 2403 493 2439 ediscuntur
508 2411 544 2439 et
562 2403 813 2440 inhaerescunt
829 2403 975 2451 penitus
989 2403 1026 2438 in
1043 2403 1251 2445 mentibu83

636 2459 700 2492 <³2

513 2504 528 2524 0

1271 1453 1289 1482 N>

1274 2304 1292 2332 3
