1471 2585
78 88 271 141 65—67.]
405 101 508 126 BOOK
529 101 589 126 111.
611 101 729 126 anP.
749 91 811 134 27,
833 91 895 127 28.
1213 91 1261 126 85

132 198 236 238 Quid
255 198 318 234 ille
338 197 586 233 Terentianus
602 196 689 244 Ipse
711 210 749 232 se
769 196 950 245 poeniens,
971 196 1008 232 id
1029 202 1085 233 est
1102 196 1263 232 Ἑαυτὸν
1281 202 1320 231 65

78 251 346 301 τιμωρούμενος
358 251 373 287 ’ἔ

48 316 51 318 ’
248 319 389 350 Decrevi
404 319 564 358 tantisper
578 328 630 348 me
645 319 753 348 minus
767 318 910 359 injuriae,

250 363 417 399 Chremes,
432 373 504 393 meo
520 368 617 403 gnato
633 361 750 400 facere,
767 361 844 391 dum
860 362 936 391 fiam
952 362 1061 392 miser.

43 444 52 446 -
82 425 157 462 Hic
174 424 350 469 decernit,
371 431 413 460 ut
431 424 544 460 miser
563 423 620 459 sit.
679 422 783 459 Num
809 423 892 471 quis
921 423 1035 471 igitur
1062 422 1264 472 quicquam

80 478 244 515 decernit
263 478 406 514 invitus
423 477 437 513 ἲ

251 545 340 576 Malo
357 545 486 586 quidem
502 555 554 575 me
570 545 686 585 quovis
701 544 834 585 dignum
850 544 1013 585 deputem.

81 613 186 650 Malo
214 627 252 650 se
281 615 433 662 dignum
465 614 632 662 deputat,
661 613 733 649 nisi
761 613 872 648 miser
905 613 964 649 sit.
1022 612 1139 649 Vides
1168 625 1265 662 ergo,

81 667 267 716 opinionis
305 681 397 711 esse,
437 680 512 704 non
539 676 684 703 naturae
717 667 872 702 malum.
942 667 1055 710 Quid,
1091 679 1184 714 quos
1210 679 1268 703 res

80 720 162 769 ipsa
190 721 317 768 lugere
349 720 550 770 prohibet?
591 727 633 756 ut
665 720 764 768 apud
795 720 1004 756 Homerum
1038 720 1268 768 quotidianae

81 787 192 811 neces
210 775 456 823 interitusque
484 774 690 810 multorum
717 773 944 810 sedationem
971 773 1151 809 maerendi
1179 773 1268 809 affe-

81 834 180 873 runt,
200 829 299 877 apud
316 841 426 876 quem
446 828 498 864 ita
518 828 675 864 dicitur:

212 897 363 936 Namque
378 896 475 926 nimis
489 896 608 926 multos
623 899 721 936 atque
737 895 823 926 omni
835 895 906 925 luce
923 895 1076 925 cadentes

212 940 393 978 Cernimus,
409 944 445 969 ut
459 950 554 969 nemo
569 939 671 979 possit
686 949 824 969 maerore
839 949 966 968 vacare.

212 983 284 1018 Quo
300 983 404 1023 magis
419 988 468 1012 est
483 993 611 1022 aequom
627 982 762 1012 tumulis
776 982 932 1011 mandare
948 984 1134 1021 peremptos

213 1025 325 1056 Firmo
340 1026 447 1056 animo
463 1029 495 1056 et
510 1026 634 1056 luctum
650 1025 792 1055 lacrimis
806 1025 901 1055 finire
917 1025 1051 1055 diurnis.

87 1098 189 1146 Ergo
208 1097 245 1133 in
267 1104 449 1146 potestate
469 1104 525 1133 est
540 1097 696 1145 abjicere
717 1097 893 1141 dolorem,
915 1110 1031 1145 quum
1053 1096 1157 1140 velis,
1176 1102 1269 1132 tem·
1290 1108 1330 1138 66

87 1152 167 1200 pori
187 1152 423 1187 servientem.
480 1152 543 1187 An
573 1158 629 1186 est
655 1149 777 1185 ullum
805 1157 952 1197 tempus
973 1148 1167 1198 (quoniam
1188 1149 1271 1198 qui-

88 1205 172 1240 dem
189 1217 246 1240 res
268 1205 304 1240 in
326 1213 450 1240 nostra
470 1210 652 1252 potestate
671 1201 758 1250 est),
779 1203 839 1238 cui
864 1215 939 1238 non
965 1204 1149 1251 ponendae
1173 1215 1272 1239 curae

89 1265 125 1294 et
145 1258 378 1306 aegritudinis
400 1271 529 1294 caussa
545 1256 776 1293 serviamus?

143 1312 350 1348 Constabat
368 1324 443 1355 eos,
462 1311 528 1359 qui
547 1310 799 1346 concidentem
825 1309 1043 1345 vulneribus
1067 1311 1138 1349 Cn.
1159 1310 1274 1346 Pom-

88 1365 215 1413 peium
234 1365 427 1407 vidissent,
448 1376 564 1413 quum
582 1364 620 1399 in
643 1363 708 1398 illo
736 1363 819 1411 ipso
848 1363 1084 1399 acerbissimo
1113 1364 1276 1400 miserri-

89 1431 227 1467 moque
247 1418 459 1466 spectaculo
479 1418 550 1453 sibi
568 1417 754 1459 timerent,
776 1417 876 1464 quod
905 1429 943 1452 se
971 1417 1086 1453 classe
1110 1417 1275 1453 hostium

91 1472 333 1509 circumfusos
370 1471 548 1512 viderent,
586 1470 679 1506 nihil
716 1470 821 1506 aliud
858 1476 936 1505 tum
972 1470 1102 1518 egisse,
1133 1471 1206 1506 nisi
1235 1477 1278 1507 ut

90 1525 249 1573 remiges
266 1525 502 1561 hortarentur
529 1531 565 1560 et
592 1530 635 1559 ut
663 1523 822 1559 salutem
851 1523 1139 1571 adipiscerentur
1161 1524 1274 1572 fuga;

91 1585 336 1627 posteaquam
371 1578 515 1627 Tyrum
545 1577 748 1620 venissent,
786 1583 866 1612 tum
899 1577 1067 1612 afflictari
1095 1577 1277 1613 lamenta-

91 1632 198 1680 rique
218 1632 388 1680 coepisse.
445 1632 573 1667 Timor
592 1631 705 1678 igitur
730 1631 776 1666 ab
803 1630 848 1666 iis
875 1630 1135 1678 aegritudinem
1154 1631 1278 1679 potuit

92 1685 283 1734 repellere,
304 1685 395 1721 ratio
416 1698 456 1721 ac
473 1684 654 1733 sapientia
673 1696 760 1719 vera
779 1696 852 1719 non
874 1683 1038 1731 poterit?

147 1738 345 1774 XXVIII.
378 1739 480 1777 Quid
505 1745 561 1774 est
586 1745 722 1780 autem,
744 1737 845 1784 quod
873 1736 958 1784 plus
988 1736 1109 1772 valeat
1136 1737 1181 1772 ad
1210 1748 1279 1784 po-

94 1792 262 1828 nendum
295 1792 472 1836 dolorem,
508 1803 620 1839 quam
658 1802 775 1837 quum
813 1796 869 1825 est
904 1789 1149 1834 intellectum,
1185 1790 1280 1825 nihil

95 1845 225 1894 profici
255 1852 291 1880 et
323 1845 457 1880 frustra
494 1857 574 1879 esse
612 1842 857 1891 susceptum?
927 1843 967 1878 Si
998 1843 1111 1891 igitur
1143 1843 1279 1892 deponi

94 1904 232 1947 potest,
263 1897 375 1933 etiam
407 1910 482 1933 non
513 1896 650 1944 suscipi
681 1902 815 1944 potest.
871 1895 1078 1932 Voluntate
1102 1897 1215 1945 igitur
1243 1903 1281 1932 et

91 1951 235 2001 judicio
270 1951 408 1998 suscipi
441 1950 714 1999 aegritudinem,
749 1949 1001 1985 confitendum
1032 1957 1098 1987 est.
1158 1950 1280 1998 quue
1297 1957 1336 1990 67

96 2005 282 2041 indicatur
309 2016 436 2040 eorum
465 2003 656 2052 patientia,
684 2003 762 2050 qui,
785 2015 902 2050 quum
931 2003 1051 2039 multa
1080 2003 1155 2039 sint
1180 2015 1281 2050 saepe

98 2058 274 2106 perpessi,
305 2057 449 2093 facilius
470 2057 603 2100 ferunt,
624 2056 802 2105 quicquid
822 2057 966 2100 accidit,
987 2057 1281 2103 obduruisseque

94 2111 173 2160 jam
195 2124 275 2148 sese
291 2119 419 2147 contra
434 2110 621 2146 fortunam
648 2109 882 2154 arbitrantur,
903 2116 946 2145 ut
964 2110 1026 2145 ille
1049 2110 1146 2157 apud
1169 2108 1282 2145 Euri-

99 2164 246 2213 pidem:

314 2215 347 2246 Si
363 2215 443 2245 mihi
459 2224 545 2244 nunc
559 2214 663 2244 tristis
676 2214 819 2255 primum
834 2213 994 2243 illuxisset
1010 2213 1078 2244 dies

316 2259 385 2289 Nec
401 2264 467 2288 tam
484 2260 675 2287 aerumnoso
687 2257 925 2297 navigavissem
941 2256 1020 2295 salo,

312 2301 409 2331 Esset
425 2300 552 2331 dolendi
568 2302 692 2339 caussa,
706 2304 743 2330 ut
758 2300 876 2340 inff‘ecto
893 2299 1020 2338 e‘quulei

316 2344 424 2374 Fren6
439 2348 572 2384 repente
588 2345 678 2373 tactu
693 2343 902 2383 exagitantur
916 2352 999 2374 novo
1013 2352 1023 2381 3

317 2387 380 2418 Sed
394 2387 463 2428 jam
479 2387 634 2417 subactus
647 2386 790 2416 miseriis
804 2385 963 2425 obt6rpui¹
