1471 2585
214 63 265 98 46
531 73 735 102 ruscum&-
764 73 1058 105 msPurArmns.
1198 58 1386 110 [16—18.

215 167 471 216 Hieronymus
493 167 618 204 dolore
637 179 765 204 vacare
785 179 973 204 summum
991 168 1133 204 bonum
1152 167 1251 204 dixit
1267 181 1276 212 ;
1307 173 1390 204 tan-

214 226 294 257 tum
332 221 370 256 in
404 220 529 256 dolore
559 220 669 256 duxit
702 220 800 257 mali.
859 220 980 257 Ceteri
1017 228 1151 270 praeter
1188 221 1390 264 Zenonem,

216 273 441 317 Aristonem,
459 273 688 322 Pyrrhonem
706 274 802 310 idem
819 274 905 319 fere,
921 274 1020 323 quod
1037 275 1146 310 modo
1166 280 1206 310 tu
1221 286 1230 310 :
1250 274 1391 310 malum

215 327 311 364 illud
329 326 491 375 quidem,
511 327 575 362 sed
594 327 666 363 alia
681 327 816 376 pejora.

163 389 200 419 16
271 380 372 429 Ergo
390 380 440 424 id,
460 380 561 428 quod
580 387 712 416 natura
729 381 810 428 ipsa
827 387 863 416 et
882 381 1055 428 quaedam
1080 393 1256 430 generosa
1274 380 1393 416 virtus

219 433 343 470 statim
379 433 533 481 respuit,
576 445 622 469 ne
664 434 792 470 sedulo
828 433 990 470 dolorem
1027 446 1214 470 summum
1251 433 1392 470 malum

219 486 357 522 diceres
377 486 622 534 oppositoque
641 487 816 523 dedecore
837 487 1019 523 sententia
1037 488 1270 536 depellerere,
1290 487 1330 522 in
1349 498 1394 522 eo

219 540 397 587 magistra
415 539 504 575 vitae
530 539 765 588 philosophia
789 547 845 576 tot
872 540 996 576 secula
1022 547 1222 588 permanet.
1280 539 1394 579 Quod

217 592 306 629 huic
333 592 509 636 officium,
536 605 621 641 quae
649 593 742 637 laus,
774 594 874 641 quod
909 593 1020 629 decus
1054 594 1122 630 erit
1154 593 1259 637 tanti,
1293 593 1392 641 quod

219 645 372 693 adipisci
391 658 475 682 cum
495 646 620 682 dolore
641 647 802 695 corporis
818 646 919 689 velit,
939 647 1003 694 qui
1022 647 1184 683 dolorem
1205 658 1393 682 summum

218 699 361 735 malum
386 699 455 735 sibi
475 712 555 735 esse
583 699 833 748 persuaserit?
891 700 1013 738 Quam
1047 713 1154 748 porro
1175 700 1259 748 quis
1287 699 1393 747 igno-

219 752 383 795 miniam,
402 765 513 800 quam
543 753 811 801 turpitudinem
839 765 912 788 non
939 753 1142 801 pertulerit,
1172 760 1215 788 ut
1243 752 1397 800 effugiat

219 805 397 850 dolorem,
418 806 447 841 si
466 806 504 842 id
524 818 711 842 summum
740 806 880 842 malum
909 818 988 842 esse
1015 805 1242 842 decreverit?
1301 805 1397 844 Quis

219 865 343 895 autem
364 870 438 894 non
459 859 580 903 miser,
601 872 674 895 non
697 860 805 895 modo
825 866 926 903 tunc,
948 872 1063 908 quum
1089 865 1275 907 premetur
1294 871 1396 895 sum-.

218 912 290 948 mis
309 911 511 956 doloribus,
540 912 570 948 si
597 912 635 948 in
662 912 707 948 iis
732 919 788 948 est
813 925 1000 948 summum
1027 913 1181 956 malum,
1203 912 1268 948 sed
1286 913 1396 948 etiam

220 977 339 1014 quum
366 965 457 1001 sciet
478 966 516 1001 id
536 966 605 1002 sibi
630 978 738 1014 posse
768 965 942 1002 evenire?
974 974 1010 1001 et
1029 966 1112 1013 quis
1143 972 1210 1008 est,
1237 965 1297 1001 cui
1323 977 1398 1001 non

219 1017 370 1066 possit?
429 1019 488 1055 Ita
512 1019 565 1062 fit,
595 1026 639 1055 ut
670 1019 821 1055 omnino
851 1031 960 1054 nemo
993 1031 1072 1054 esse
1105 1019 1222 1067 possit
1253 1019 1397 1055 beatus.

166 1080 202 1112 17
221 1071 459 1108 Metrodorus
496 1072 645 1120 quidem
681 1072 841 1120 perfecte
872 1084 958 1108 eum
995 1072 1146 1107 beatum
1182 1078 1301 1120 putat,
1340 1071 1398 1108 cui

221 1137 354 1173 corpus
372 1125 466 1160 bene
493 1125 738 1161 constitutum
767 1125 814 1161 sit
839 1131 876 1161 et
904 1124 1152 1173 exploratum,
1179 1125 1231 1160 ita
1256 1136 1400 1173 semper

220 1177 308 1214 fore.
371 1177 466 1216 Quis
497 1184 620 1214 autem
653 1185 709 1214 est
737 1178 817 1223 iste,
852 1178 912 1214 cui
944 1178 980 1214 id
1018 1178 1255 1226 exploratum
1284 1177 1401 1227 possit

220 1231 327 1268 esse?

274 1283 370 1321 VII.
417 1284 602 1332 Epicurus
626 1297 711 1320 vero
742 1297 785 1320 ea
807 1283 907 1326 dicit,
936 1290 980 1319 ut
1007 1283 1098 1319 mihi
1124 1284 1273 1331 quidem
1305 1283 1400 1319 risus

224 1344 369 1386 captare
390 1337 570 1375 videatur.
618 1337 790 1373 Affirmat
808 1337 907 1373 enim
927 1337 1088 1385 quodam
1109 1337 1202 1380 loco,
1224 1337 1254 1372 si
1273 1343 1402 1373 uratur

224 1391 382 1439 sapienS‚
421 1391 452 1427 si
489 1390 921 1438 crucietur—exspectas
959 1390 1125 1433 fortasse,
1160 1391 1248 1426 dum
1280 1384 1404 1426 dicat?

223 1444 396 1492 patietur,
434 1443 602 1493 perferet,
633 1456 708 1479 non
747 1444 984 1486 succumbet;
1026 1455 1161 1492 magna
1193 1443 1402 1479 mehercule

223 1497 306 1533 laus
325 1504 364 1534 et
382 1511 425 1534 eo
451 1497 545 1545 ipso,
573 1509 638 1545 per
662 1509 773 1544 quem
799 1496 936 1545 juravi,
969 1496 1131 1532 Hercule
1162 1496 1298 1545 digna3
1338 1496 1402 1532 sed

225 1550 402 1598 Epicuro,
429 1550 571 1586 homini
598 1562 726 1598 aspero
754 1556 791 1585 et
819 1550 923 1592 duro,
954 1562 1028 1585 non
1056 1557 1112 1585 est
1130 1549 1198 1585 hoc
1219 1550 1333 1593 satis;
1364 1549 1402 1585 in

226 1603 434 1640 Phalaridis
460 1610 565 1639 tauro
595 1603 626 1638 si
651 1603 731 1646 erit,
760 1603 881 1639 dicet:
925 1602 1040 1642 Quam
1060 1615 1171 1639 suave
1190 1604 1269 1639 esc!
1298 1615 1402 1651 quam

226 1657 292 1693 hoc
323 1670 392 1694 non
426 1657 544 1694 curo!
591 1656 713 1692 Suave
746 1656 884 1692 etiam?
931 1668 976 1692 an
1005 1668 1134 1704 parurn
1167 1663 1234 1698 est,
1265 1656 1296 1691 si
1327 1667 1402 1691 non

227 1710 421 1747 amarum?
478 1710 530 1745 At
557 1710 593 1745 id
617 1709 767 1757 quidem
795 1709 850 1745 illi
877 1709 959 1757 ipsi,
979 1709 1043 1756 qui
1069 1709 1233 1744 dolorem
1262 1708 1401 1744 malum

229 1775 308 1799 esse
325 1770 476 1812 negant,
496 1775 570 1798 non
590 1763 710 1798 solent
729 1762 860 1806 dicere,
881 1762 1054 1810 cuiquam
1083 1774 1194 1798 suave
1214 1773 1293 1797 esse
1321 1774 1404 1798 cru-

229 1816 316 1852 ciari
332 1832 341 1861 3
373 1829 555 1865 asperum,
569 1815 729 1857 difficile,
743 1815 924 1858 odiosum,
942 1822 1067 1851 contra
1082 1822 1247 1851 naturam
1262 1815 1403 1858 dicunt,

230 1881 298 1905 nec
318 1876 441 1906 tamen
462 1869 613 1905 malum.
662 1868 749 1912 Hic,
770 1869 833 1916 qui
855 1869 975 1905 solum
994 1868 1063 1904 hoc
1089 1868 1227 1904 malurn
1254 1868 1343 1904 dicit
1368 1874 1406 1904 et

230 1922 412 1959 malorum
432 1922 600 1958 omnium
618 1930 842 1965 extremum,
869 1922 1072 1970 sapientem
1093 1929 1217 1957 censet
1235 1921 1272 1956 id
1291 1932 1405 1957 suave

177 1983 215 2013 18
233 1975 430 2012 dicturum.
480 1975 561 2023 Ego
590 1988 611 2010 a
645 1981 679 2011 te
708 1987 782 2010 non
817 1975 977 2022 postulo,
1006 1982 1049 2010 ut
1078 1975 1238 2010 dolorem
1268 1973 1406 2010 eisdem

233 2029 354 2065 verbis
387 2028 534 2071 efficias,
566 2028 701 2076 quibus
731 2028 929 2075 Epicurus,
962 2029 1200 2076 voluptatem,
1221 2027 1344 2070 homo,
1364 2033 1407 2062 ut

235 2082 318 2126 scis,
339 2081 581 2130 voluptarius.
643 2080 714 2116 Ille
742 2081 879 2117 dixerit
905 2093 992 2117 sane
1015 2081 1111 2117 idem
1140 2080 1176 2116 in
1202 2079 1407 2116 Phalaridis

235 2141 354 2179 tauro,
379 2135 491 2182 quod,
523 2134 552 2170 si
582 2139 679 2169 esset
703 2134 738 2168 in
770 2133 930 2179 lectu103
966 2146 1034 2182 ego
1060 2141 1199 2170 tantam
1228 2133 1302 2169 vim
1332 2144 1409 2168 non

236 2188 358 2223 tribuo
378 2187 569 2236 sapientiae
590 2193 717 2223 contra
729 2186 905 2223 dolorem.
937 2187 994 2223 Sit
1005 2187 1107 2223 fortis
1123 2186 1161 2221 in
1179 2185 1407 2234 perferendo,

237 2240 358 2276 officio
379 2241 466 2276 satis
485 2248 563 2285 est;
594 2246 637 2276 ut
655 2239 804 2276 laetetur
823 2240 945 2283 etiam,
968 2252 1042 2275 non
1063 2239 1226 2288 postulo.
1276 2238 1408 2274 Tristis

238 2290 336 2329 eni'm
356 2306 412 2329 res
431 2301 488 2329 est
506 2294 583 2329 sine
602 2293 727 2336 dubio,
756 2304 893 2340 aspera,
923 2305 1055 2337 amara,
1076 2292 1224 2328 inimica
1250 2300 1406 2335 naturae,

239 2346 286 2384 ad
303 2346 519 2395 patiendum
539 2346 844 2394 tolerandumque
863 2346 1033 2383 difficilis.
