1471 2585
235 95 286 130 64
561 105 765 131 TuscunAN
794 106 1092 132 msr’umnons.
1301 92 1357 145 [4,
1377 98 1414 133 5.

235 212 352 248 quum
373 213 459 236 vero
478 200 632 236 accessit
653 201 794 244 eodem,
816 201 921 250 quasi
946 202 1134 238 maximus
1153 202 1305 250 quidam
1333 213 1413 239 ma-

235 253 359 302 gister,
377 254 537 302 populus
556 261 668 301 atque
687 254 807 290 omnis
826 255 992 304 undique
1011 256 1058 291 ad
1071 256 1160 292 vitia
1179 255 1413 292 consentiens

235 306 449 350 multitudo,
482 314 560 342 tum
590 308 698 355 plane
726 308 911 344 inficimur
938 309 1153 357 opinionum
1184 309 1364 357 pravitate
1392 321 1415 346 a

235 367 440 408 naturaque
468 360 719 405 desciscimus,
741 368 781 397 ut
807 362 914 397 nobis
942 362 1079 410 optime
1108 369 1275 398 naturam
1305 363 1330 397 ii
1359 362 1412 398 vi-

235 413 333 448 disse
365 413 572 456 videantur,
602 414 666 462 qui
699 414 791 450 nihil
821 415 952 451 melius
985 415 1139 458 homini,
1173 415 1265 452 nihil
1294 416 1412 464 magis

235 467 502 514 expetendum,
522 467 614 502 nihil
642 468 880 515 praestantius
908 468 1123 513 honoribus,
1144 469 1319 517 imperiiS,
1343 482 1412 518 po-

233 520 353 568 pulari
387 520 503 568 gloria
522 520 798 569 judicaverunt.
861 522 922 557 Ad
953 534 1066 569 quam
1102 522 1217 558 fertur
1248 523 1411 570 optimus

234 573 405 620 quisque,
443 586 644 621 veramque
675 574 777 610 illam
814 574 1045 611 honestatem
1075 583 1266 623 expetenS,
1297 588 1410 624 quam

233 638 309 661 una
323 634 454 662 natura
469 627 632 663 maxime
645 627 820 676 anquirit,
834 628 872 663 in
889 641 1032 664 summa
1048 628 1224 664 inanitate
1245 635 1410 665 versatur

232 687 538 728 consectaturque
566 680 707 716 nullam
736 681 959 717 eminentem
984 681 1156 729 effigiem,
1186 682 1249 717 sed
1278 683 1409 718 adum-

231 732 375 768 bratam
394 733 594 782 imaginem
613 734 754 782 gloriae.
814 734 884 770 Est
900 735 996 770 enim
1023 735 1140 784 gloria
1167 735 1283 771 solida
1301 747 1407 783 quae-

232 785 318 821 dam
337 799 394 822 res
413 793 450 822 et
468 799 657 834 expressa,
674 800 749 823 non
769 787 1009 832 adumbrata3
1041 802 1082 824 ea
1101 796 1156 824 est
1175 789 1408 825 consentiens

230 838 312 875 laus
333 840 526 883 bonorum,
546 840 757 888 incorrupta
775 853 852 876 vox
871 841 963 877 bene
987 842 1236 889 judicantium
1266 842 1311 878 de
1339 855 1407 878 ex-

231 892 386 928 cellente
421 893 580 938 virtute3
622 906 666 929 ea
699 894 829 930 virtuti
862 902 1010 931 resonat
1044 902 1233 943 tamquam
1270 895 1406 944 imago.

232 945 330 984 Quae
349 946 436 993 quia
463 953 557 982 recte
586 947 765 983 factorum
790 947 1008 996 plerumque
1028 961 1150 985 comes
1170 955 1238 992 est,
1258 961 1333 984 non
1351 956 1408 985 est

194 1004 214 1034 4
229 999 336 1034 bonis
358 1000 443 1035 viris
463 1000 701 1048 repudianda.
760 1000 832 1036 Illa
851 1008 986 1045 autem,
1007 1014 1092 1049 quae
1117 1015 1155 1038 se
1181 1001 1260 1050 ejus
1284 1002 1407 1039 imita-

229 1052 356 1088 tricem
382 1065 461 1089 esse
480 1054 573 1097 vult,
602 1054 794 1090 temeraria
821 1063 932 1102 atque
962 1055 1232 1091 inconsiderata
1261 1062 1299 1091 et
1327 1055 1407 1104 ple-

227 1118 386 1154 rumque
414 1114 648 1154 peccatorum
667 1107 915 1155 vitiorumque
943 1108 1142 1153 laudatrix,
1162 1108 1259 1144 fama
1286 1121 1406 1157 popu-

227 1158 326 1202 laris,
358 1160 592 1196 simulatione
628 1160 832 1197 honestatis
865 1162 1018 1197 formam
1051 1162 1132 1211 ejus
1160 1161 1407 1210 pulchritudi-

226 1224 385 1260 nemque
431 1213 644 1261 corrumpit.
721 1214 807 1252 Qua
851 1215 1016 1251 caecitate
1063 1215 1242 1258 homines,
1288 1227 1406 1263 quum

226 1267 401 1312 quaedam
431 1267 541 1302 etiam
569 1266 745 1314 praeclara
773 1275 948 1315 cuperent
975 1280 1091 1315 eaque
1119 1268 1302 1304 nescirent
1337 1281 1406 1306 nec

225 1319 291 1354 ubi
310 1331 378 1356 nec
397 1320 521 1367 qualia
535 1327 669 1363 essent,
690 1320 857 1356 funditus
885 1321 945 1356 alii
971 1328 1184 1357 everterunt
1209 1333 1294 1357 suas
1313 1322 1403 1358 civi-

225 1378 332 1416 tates,
371 1373 432 1408 alii
467 1373 538 1421 ipsi
574 1373 799 1409 occiderunt.
866 1374 993 1421 Atque
1029 1374 1054 1409 ii
1083 1375 1234 1422 quidem
1266 1376 1405 1424 optima

225 1432 393 1472 petentes
421 1438 495 1461 non
524 1432 598 1461 tam
619 1425 822 1469 voluntate,
842 1439 953 1475 quam
974 1440 1102 1464 cursus
1127 1440 1246 1464 errore
1266 1427 1402 1465 fallun-

225 1486 310 1520 tur;
352 1479 470 1527 quid?
512 1479 576 1527 qui
613 1480 780 1527 pecuniae
814 1480 1026 1528 cupiditate,
1067 1481 1132 1529 qui
1167 1481 1404 1530 voluptatum

224 1531 379 1568 libidine
396 1533 575 1575 feruntur,
597 1545 830 1581 quorumque
849 1533 901 1569 ita
930 1535 1192 1582 perturbantur
1217 1534 1343 1580 animi,
1361 1542 1404 1572 ut

224 1597 299 1621 non
320 1585 480 1621 multum
501 1586 623 1622 absint
648 1586 693 1621 ab
722 1586 875 1630 insania,
897 1588 996 1635 quod
1025 1587 1287 1635 insipientibus
1315 1601 1402 1625 con-

223 1637 337 1687 tingit
350 1639 534 1683 omnibus,
554 1638 599 1674 iis
614 1639 764 1674 nullane
781 1647 836 1676 est
855 1640 1063 1677 adhibenda
1078 1641 1216 1677 curatio
1231 1641 1245 1677 ’ἰ
1275 1647 1402 1678 utrum

223 1693 323 1738 quod
344 1693 467 1728 minus
486 1700 645 1728 noceant
671 1693 784 1729 animi
801 1695 1061 1742 aegrotationes
1080 1707 1191 1742 quam
1211 1695 1400 1742 corporis?

223 1757 270 1780 an
305 1747 405 1792 quod
438 1758 590 1795 corpora
625 1746 742 1782 curari
783 1746 940 1795 possint,
977 1747 1183 1784 animorum
1219 1747 1403 1784 medicina

220 1798 327 1834 nulla
344 1798 417 1834 sit?
468 1796 472 1800 ”

187 1857 205 1887 5
278 1851 357 1887 ΙΙΙ.
388 1852 441 1887 At
460 1858 497 1887 et
515 1852 633 1888 morbi
661 1852 937 1900 perniciosiores
960 1853 1158 1902 pluresque
1182 1860 1270 1890 sunt
1287 1854 1400 1890 animi

224 1916 335 1952 quam
352 1905 525 1953 corporis.
585 1905 637 1941 Hi
657 1906 753 1942 enim
774 1906 846 1954 ipsi
864 1907 981 1942 odiosi
1006 1915 1105 1951 sunt,
1126 1907 1225 1955 quod
1251 1907 1296 1943 ad
1319 1908 1400 1944 ani-

223 1970 327 1994 mum
356 1958 542 2006 pertinent
570 1971 730 2006 eumque
759 1959 970 2003 sollicitant,
999 1963 1207 2009 animusque
1227 1973 1338 2009 aeyer,
1358 1967 1401 1997 ut

223 2011 275 2046 ait
291 2011 449 2054 Ennius,
468 2024 607 2060 semper
626 2018 737 2056 errat,
756 2026 872 2062 neque
889 2015 970 2062 pati
984 2026 1097 2062 neque
1111 2015 1258 2063 perpeti
1274 2019 1399 2061 potest,

223 2077 358 2112 cupere
389 2077 578 2113 numquam
607 2065 750 2102 desinit.
819 2066 966 2105 Quibus
997 2067 1143 2103 duobus
1175 2066 1313 2102 morbis
1339 2064 1402 2114 (ut

223 2118 391 2153 omittam
428 2116 549 2165 alios),
583 2118 802 2166 aegritudine
840 2126 876 2155 et
909 2120 1123 2168 cupiditate,
1156 2119 1221 2167 qui
1252 2120 1400 2156 tandem

223 2178 380 2217 possunt
406 2171 444 2206 in
475 2184 624 2219 corpore
658 2184 737 2207 esse
765 2173 976 2219 graviores?
1033 2173 1108 2212 Qui
1137 2185 1223 2208 vero
1254 2173 1400 2220 probari

222 2228 357 2270 potest,
378 2231 420 2260 ut
446 2224 514 2260 sibi
543 2225 678 2260 mederi
710 2225 854 2261 animus
884 2239 958 2262 non
988 2225 1115 2274 possit,
1136 2238 1253 2273 quum
1279 2225 1397 2274 ipsam

221 2276 442 2312 medicinam
471 2279 630 2325 corporis
656 2278 801 2314 animus
830 2278 1024 2322 invenerit,
1041 2291 1233 2326 quumque
1252 2279 1297 2314 ad
1317 2291 1396 2314 cor-

220 2341 353 2377 porum
372 2330 601 2366 sanationem
620 2331 780 2366 multum
798 2331 878 2379 ipsa
893 2345 1042 2380 corpora
1057 2339 1093 2367 et
1112 2340 1244 2368 natura
1263 2331 1396 2376 valeat,

220 2395 288 2419 nec
307 2395 446 2427 omneS‚
465 2384 528 2431 qui
549 2385 665 2420 curari
685 2397 723 2420 se
742 2385 841 2432 passi
861 2385 945 2429 sint,
967 2385 1142 2422 continuo
1170 2385 1280 2422 etiam
1307 2397 1395 2422 con-
