1471 2585
163 514 201 542 lO

162 1262 194 1291 11

219 81 269 117 66
534 92 739 118 Tusculum
767 93 1066 118 DISPUTATIONS.
1225 78 1308 131 [10‚
1331 83 1393 120 11.

218 186 399 235 pientium
419 187 531 223 animi
550 187 587 223 in
608 188 736 224 morbo
756 194 868 231 sunt3
900 201 1028 225 omnes
1046 188 1264 236 insipientes
1282 188 1397 237 igitur

217 241 421 277 insaniunt.
479 241 682 276 Sanitatem
702 241 799 277 enim
818 242 1025 278 animorum
1047 242 1205 289 positam
1230 242 1269 277 in
1295 249 1395 277 tran-

218 293 402 341 quillitate
431 295 592 341 quadam
625 293 904 342 constantiaque
936 296 1157 337 censebant;
1200 295 1256 330 his
1284 295 1395 330 rebus

217 355 379 383 mentem
401 360 553 383 vacuam
571 347 802 396 appellarunt
818 349 1008 392 insaniam,
1029 355 1220 396 propterea
1239 349 1339 396 quod
1356 348 1396 383 in

219 401 434 448 perturbato
465 401 600 445 animo,
634 401 731 437 sicut
763 401 801 437 in
835 414 995 450 corpore,
1031 402 1168 437 sanitas
1205 414 1283 438 esse
1319 413 1395 437 non

218 460 356 502 posset.

271 507 319 543 V.
352 507 429 543 Nec
459 507 583 542 minus
618 507 712 543 illud
741 514 860 551 acute,
888 507 988 554 quod
1022 507 1134 543 animi
1163 507 1396 544 affectionem

217 560 358 596 lumine
388 560 522 596 mentis
555 568 739 596 carentem
768 561 1054 596 nominaverunt
1085 562 1274 597 amentiam
1306 573 1394 596 ean-

218 614 378 662 demque
397 614 620 650 dementiam.
667 614 729 650 Ex
750 626 823 661 quo
842 613 1126 661 intelligendum
1148 621 1215 658 est,
1237 627 1311 659 003,
1329 614 1396 661 qui

217 666 298 703 haec
317 667 427 703 rebus
443 668 593 703 nomina
612 674 828 715 posuerunt,
850 679 1007 703 301131330
1026 668 1095 703 hoc
1123 667 1234 711 idem,
1255 669 1355 716 quod
1375 680 1397 703 a

219 721 367 756 Socrate
397 727 587 768 acceptum
621 721 815 768 diligenter
844 719 959 756 Stoici
991 720 1234 764 retinuerunt,
1263 733 1393 756 omnes

216 773 434 821 insipientes
467 786 547 810 esse
574 786 648 809 non
682 787 804 810 sanos.
861 773 937 812 Qui
970 780 1026 809 est
1051 774 1147 810 enim
1176 774 1323 810 animus
1356 774 1395 810 in

217 826 341 874 aliquo
361 827 488 862 morbo
508 826 673 873 (morbos
692 834 816 863 autem
843 827 910 862 hos
939 827 1172 875 perturbatos
1194 834 1332 871 motus,
1352 834 1396 863 ut

215 881 328 916 modo
344 880 436 924 dixi,
457 880 668 928 philosophi
688 878 906 929 appellant),
927 892 1000 915 non
1034 881 1151 928 magis
1181 887 1236 916 est
1269 893 1396 924 sanus,

217 945 330 981 quam
349 934 384 969 id
407 946 552 981 corpuS‚
566 934 665 982 quod
685 934 722 969 in
743 934 871 969 morbo
891 940 958 969 est.
1008 933 1067 970 Ita
1085 935 1139 977 fit,
1156 941 1196 969 ut
1216 933 1397 981 sapientia

216 987 354 1023 sanitas
375 986 422 1022 sit
439 987 564 1030 animi,
583 987 797 1035 insipientia
814 992 939 1022 autem
957 987 1062 1035 quasi
1089 987 1266 1022 insanitas
1290 1000 1394 1035 quae—

216 1040 314 1082 dam,
344 1053 430 1088 quae
462 1048 518 1076 est
550 1040 693 1076 insania
722 1041 925 1087 eademque
958 1040 1169 1084 dementia3
1201 1040 1396 1088 multoque

216 1093 348 1129 melius
381 1093 462 1130 haec
491 1100 618 1129 notata
649 1100 737 1129 sunt
770 1094 890 1129 verbis
917 1093 1061 1129 Latinis
1094 1106 1205 1141 quam
1238 1094 1394 1138 Graecis,

215 1147 315 1194 quod
334 1146 414 1182 aliis
434 1159 583 1194 quoque
602 1147 731 1182 multis
747 1147 837 1183 locis
856 1146 1069 1195 reperietur.
1127 1147 1201 1182 Sed
1220 1146 1258 1182 id
1278 1146 1392 1192 alias;

215 1212 327 1244 nunc,
349 1200 449 1248 quod
467 1200 593 1236 instat.

268 1253 404 1289 Totum
437 1253 549 1300 igitur
577 1254 626 1297 id,
656 1253 757 1301 quod
783 1252 997 1300 quaerimuS‚
1019 1253 1108 1300 quid
1136 1259 1173 1288 et
1198 1252 1308 1300 quale
1334 1253 1393 1298 sit,

216 1307 316 1342 verbi
336 1306 393 1342 vis
413 1306 493 1354 ipsa
511 1307 684 1342 declarat.
742 1306 818 1342 Eos
838 1306 937 1341 enim
957 1318 1065 1341 sanos
1088 1306 1264 1354 quoniam
1283 1306 1394 1342 intel-

214 1359 280 1408 ligi
300 1372 448 1396 necesse
477 1365 544 1402 est,
565 1371 723 1407 quorum
751 1371 856 1395 mens
884 1365 1000 1400 motu,
1022 1360 1127 1418 quasi
1150 1360 1290 1402 morbo,
1311 1372 1399 1411 per-

215 1414 363 1448 turbata
391 1412 495 1448 nullo
530 1413 598 1448 sit:
629 1412 692 1460 qui
726 1419 853 1448 contra
884 1411 1004 1447 affecti
1034 1412 1119 1455 sint,
1146 1412 1212 1449 hos
1244 1412 1394 1450 insanos

215 1465 393 1514 appellari
412 1478 561 1501 11000330
580 1472 648 1501 est.
707 1465 840 1512 Itaque
868 1465 960 1500 nihil
986 1465 1130 1508 melius,
1151 1478 1263 1513 quam
1293 1467 1395 1514 quod

215 1527 272 1555 est
303 1519 341 1554 in
375 1519 641 1555 consuetudine
669 1519 849 1554 sermonis
883 1518 1021 1562 Latini,
1054 1531 1170 1566 quum
1205 1521 1321 1555 exisse
1349 1533 1395 1556 ex

214 1578 389 1620 potestate
408 1572 565 1608 dicimus
585 1584 659 1614 eos,
680 1572 743 1620 qui
772 1571 936 1608 effrenati
954 1572 1122 1608 feruntur
1150 1579 1215 1608 aut
1241 1572 1395 1609 libidine

216 1633 279 1662 aut
311 1626 522 1667 iracundia;
554 1637 778 1673 quamquam
809 1625 889 1673 ipsa
923 1625 1112 1661 iracundia
1140 1625 1305 1661 libidinis
1339 1633 1396 1662 est

215 1691 311 1727 pars.
370 1679 430 1715 Sic
463 1678 562 1714 enim
592 1679 793 1714 definitur:
822 1678 1012 1714 iracundia
1038 1678 1239 1714 ulciscendi
1264 1679 1393 1715 libido.

218 1732 293 1771 Qui
310 1732 425 1781 igitur
440 1732 562 1768 exisse
578 1744 625 1767 ex
646 1738 828 1780 potestate
849 1731 1034 1775 dicuntur,
1054 1732 1189 1768 idcirco
1209 1732 1393 1781 dicuntur,

216 1786 305 1832 quia
336 1798 410 1821 non
445 1785 518 1821 sint
549 1786 586 1821 in
622 1791 804 1833 potestate
835 1784 982 1826 mentis,
1008 1785 1067 1820 cui
1096 1798 1251 1833 regnum
1279 1786 1394 1821 totius

217 1838 331 1875 animi
367 1852 387 1875 a
423 1845 554 1874 natura
589 1838 770 1874 tributum
808 1844 875 1874 est.
934 1838 1057 1874 Graeci
1094 1846 1218 1874 autem
1255 1841 1394 1887 μανίαν

217 1892 316 1927 unde
348 1891 547 1940 appellent,
578 1904 654 1927 non
678 1892 784 1928 facile
811 1891 992 1936 dixerim3
1024 1904 1104 1927 eam
1134 1899 1258 1928 tamen
1277 1892 1395 1951 ipsam

217 1945 480 1993 distinguimus
510 1957 578 1980 nos
607 1944 741 1980 melius
770 1957 880 1993 quam
914 1944 979 1980 illi.
1038 1945 1146 1980 Hanc
1169 1946 1266 1980 enim
1295 1945 1394 1981 insa-

217 1998 328 2042 niam,
350 2011 437 2046 quae
453 1997 584 2045 juncta
603 1998 761 2034 stultitia
780 2005 882 2046 patet
907 1998 1033 2042 latius,
1054 2011 1075 2033 a
1103 1999 1223 2034 furore
1251 1997 1393 2046 disjun-

216 2051 352 2099 gimus.
409 2051 533 2087 Graeci
563 2050 697 2086 volunt
726 2045 780 2086 illi
813 2051 974 2099 quidem,
1007 2051 1070 2086 sed
1105 2063 1233 2099 pa‘uum
1271 2051 1398 2087 valent

217 2105 352 2141 verbo:
400 2116 508 2152 quem
544 2116 611 2139 1103
646 2104 818 2146 furorem,
855 2104 1119 2153 μελαγχολίαν
1156 2104 1209 2139 1111
1249 2111 1393 2141 vocant.

218 2157 336 2196 Quasi
357 2170 442 2193 vero
462 2165 540 2193 atra
560 2157 623 2192 bili
645 2156 764 2192 solum
789 2170 906 2199 mens,
927 2170 969 2193 ac
999 2169 1073 2192 non
1103 2169 1203 2204 saepe
1237 2157 1296 2192 vel
1324 2158 1395 2193 ira-

218 2211 352 2246 cundia
380 2211 546 2258 graviore
582 2209 639 2246 vel
674 2210 804 2246 timore
835 2210 893 2246 vel
924 2210 1049 2246 dolore
1083 2217 1286 2252 moveatur,
1320 2222 1394 2258 quo

216 2276 348 2312 genere
391 2264 670 2306 Athamantem,
709 2263 980 2308 Alcmaeonem,
1018 2263 1185 2311 Ajacem,
1224 2263 1395 2300 Orestem

217 2317 334 2352 furere
354 2316 522 2352 dicimus,
580 2317 657 2355 Qui
675 2316 725 2352 ita
745 2317 793 2352 sit
811 2317 976 2360 affectus,
998 2328 1083 2352 eum
1103 2316 1293 2352 dominum
1314 2329 1394 2352 esse

215 2382 336 2406 rerum
369 2382 518 2406 suarum
553 2376 679 2406 vetant
708 2369 903 2406 duodecim
941 2369 1094 2406 tabulae.
1152 2369 1287 2418 Itaque
1319 2382 1394 2406 non
