1471 2585
104 107 308 156 ·19——22.]
506 122 610 146 Boot<
630 123 667 147 v.
688 123 805 147 CHAP.
829 112 864 155 7,
886 114 923 148 8.
1223 116 1293 150 125

115 228 182 264 pro
201 228 374 252 concesso
398 222 434 251 et
458 217 637 264 probat03
668 217 762 252 illud
786 217 897 252 modo
924 218 1125 266 explicant,
1154 218 1198 253 de
1218 230 1292 265 quo

64 278 67 281 ⁴
115 276 200 305 ante
225 269 317 305 nihil
345 269 523 316 scriptum
550 276 617 306 est.
675 270 905 318 Philosophi,
925 283 1186 318 quameunque
1214 283 1289 306 rem

115 322 254 359 habent
279 322 315 357 in
344 322 528 365 manibus,
549 323 586 358 in
607 336 699 367 eam,
721 335 806 371 quae
825 324 1064 367 conveniunt,
1086 331 1292 371 congerunt

115 376 250 418 omnia,
264 375 333 411 etsi
346 376 416 411 alio
429 376 509 411 loco
524 376 711 423 disputata
727 384 826 412 sunt.
864 377 975 415 Quod
991 377 1026 412 ni
1040 378 1090 413 ita
1103 384 1211 419 esset,
1226 389 1291 412 cur

116 428 274 472 Stoicus,
297 429 326 464 si
354 436 451 464 esset
478 430 692 477 quaesitum,
722 429 860 465 satisne
888 431 933 466 ad
962 431 1068 466 beate
1088 430 1288 465 vivendum

115 481 232 517 virtus
251 489 387 528 posset,
408 483 526 518 multa
546 483 708 519 diceret?
739 483 799 518 cui
819 483 907 518 satis
934 491 1030 519 esset
1055 483 1287 531 respondere,

115 546 153 570 se
171 542 256 570 ante
275 535 458 578 docuisse,
479 536 571 571 nihil
591 537 731 572 bonum
757 549 848 580 esse,
878 536 948 572 nisi
968 537 1067 584 quod
1090 536 1288 571 honestum

115 594 222 632 esset,
242 588 311 624 hoc
330 589 484 636 probato
505 601 736 636 consequens
753 602 844 633 esse,
863 590 1007 625 beatam
1027 589 1137 625 vitam
1152 589 1288 625 virtute

114 653 193 677 esse
222 648 446 685 contentam,
469 649 506 677 et
526 643 711 690 quomodo
741 642 810 678 hoc
835 642 881 678 sit
900 655 1130 690 consequens
1148 642 1215 686 illi,
1237 642 1288 677 sic

113 693 208 730 illud
227 694 325 737 huic,
346 702 399 738 ut,
421 696 451 731 si
472 697 578 731 beata
597 696 672 731 vita
690 696 827 731 virtute
853 703 1027 732 contenta
1052 696 1110 739 sit,
1132 695 1202 731 nisi
1221 695 1288 730 ho-

113 754 261 784 nestum
282 749 380 796 quod
402 748 459 791 sit,
480 749 573 784 nihil
589 749 688 784 aliud
710 749 756 784 sit
776 749 928 785 bonum.
977 749 1049 784 Sed
1070 756 1193 784 tamen
1214 761 1287 784 non
1310 755 1345 783 19

113 807 229 848 agunt
249 801 311 837 sic.
369 801 466 837 Nam
487 809 523 837 et
541 802 586 837 de
606 802 761 838 honesto
780 809 816 838 et
835 803 880 838 de
899 815 1045 838 summo
1065 803 1161 837 bono
1182 814 1288 849 sepa-

114 854 220 889 ratim
248 854 333 890 libri
355 862 454 898 sunt,
475 862 513 891 et
532 867 647 903 quum
669 868 716 891 ex
736 868 779 891 eo
799 855 988 899 efficiatur,
1009 856 1096 891 satis
1115 867 1288 902 magnam

113 906 152 942 in
172 907 308 943 virtute
329 909 374 944 ad
393 909 498 944 beate
519 909 716 944 vivendum
735 921 814 944 esse
835 909 921 952 vim,
942 909 1057 944 nihilo
1076 908 1200 943 minus
1220 908 1289 944 hoe

113 967 231 1007 agunt
249 962 457 1008 separatim.
517 962 679 1010 Propriis
702 962 800 997 enim
827 967 864 997 et
891 962 967 997 suis
994 961 1222 1010 argumentis
1253 967 1291 996 et

114 1013 430 1050 admonitionibus
462 1015 652 1050 tractanda
679 1027 839 1063 quaeque
871 1028 928 1050 res
960 1022 1027 1058 est,
1062 1021 1165 1050 tanta
1192 1027 1288 1062 prae-

115 1066 253 1103 sertim.
313 1067 412 1103 Cave
442 1068 540 1103 enim
564 1076 684 1115 putes,
707 1068 821 1119 ulla0m
848 1068 884 1103 in
909 1068 1142 1116 philosophia
1165 1080 1290 1103 vocem

115 1119 286 1155 emissam
307 1120 496 1156 clariorem
517 1121 685 1156 ullumve
704 1133 783 1156 esse
805 1120 1048 1169 philosophiae
1069 1121 1291 1168 promissum
1315 1143 1317 1145 ·

116 1172 266 1208 uberius
293 1180 357 1209 aut
383 1173 516 1222 majus,
574 1173 669 1209 Nam
691 1173 780 1221 quid
805 1173 1025 1221 profitetur?
1066 1186 1086 1209 o
1107 1174 1157 1209 dii
1176 1173 1261 1209 boni
1282 1174 1289 1210 Σ

116 1225 359 1273 perfecturam
400 1240 449 1270 se,
485 1227 550 1274 qui
587 1227 730 1275 legibus
769 1226 844 1262 suis
885 1226 1079 1274 paruisset,
1118 1233 1160 1262 ut
1195 1234 1293 1262 esset

117 1285 244 1315 contra
272 1280 457 1315 fortunam
495 1292 639 1327 semper
674 1286 848 1323 armatus,
886 1286 929 1315 ut
965 1279 1088 1316 omnia
1120 1279 1293 1327 praesidia

116 1331 268 1368 haberet
299 1333 335 1368 in
366 1346 403 1368 se
432 1333 525 1369 bene
553 1334 735 1380 beateque
762 1333 922 1376 vivendi,
953 1339 996 1368 ut
1024 1339 1121 1368 esset
1150 1344 1293 1380 semper

117 1385 277 1433 denique
307 1386 450 1422 beatus.
510 1387 582 1422 Sed
609 1386 745 1429 videro,
775 1386 865 1434 quid
893 1386 1040 1422 efficiat.
1097 1386 1293 1433 Tantisper
1312 1392 1351 1420 20

116 1437 186 1474 hoc
207 1439 327 1487 ipsum
349 1452 428 1487 mag¹
437 1440 473 1474 ni
493 1440 650 1484 aestimo,
668 1440 768 1487 quod
783 1439 989 1487 pollicetur.
1031 1439 1128 1474 Nam
1146 1438 1293 1474 Xerxes

117 1491 268 1539 quidem
303 1492 457 1528 refertus
493 1493 667 1528 omnibus
704 1492 868 1540 praemiis
903 1492 1085 1540 donisque
1118 1492 1292 1535 fortunae,

117 1556 191 1580 non
211 1545 391 1592 equitatu,
413 1558 485 1581 non
506 1545 738 1594 pedestribus
753 1545 880 1593 copiis,
900 1558 973 1581 non
994 1545 1145 1580 navium
1166 1545 1294 1581 multi-

118 1597 261 1641 tudine,
288 1610 362 1634 non
390 1598 535 1634 infinito
563 1599 725 1647 pondere
754 1598 833 1634 auri
859 1604 1067 1642 contentus,
1097 1598 1293 1646 praemium

116 1651 323 1698 proposuit,
344 1652 406 1698 qui
432 1651 636 1687 invenisset
654 1664 789 1687 novam
809 1651 1052 1699 voluptatem.
1111 1651 1197 1689 Qua
1215 1651 1295 1699 ipsa

118 1716 192 1739 non
214 1704 283 1740 fuit
302 1712 511 1748 contentus,
531 1717 653 1752 neque
679 1705 776 1740 enim
802 1717 979 1752 umquam
1001 1705 1110 1739 finem
1132 1704 1295 1739 inveniet

118 1756 248 1793 libido.
306 1757 384 1793 Nos
403 1758 534 1794 vellem
555 1758 709 1805 praemio
728 1757 856 1793 elicere
877 1769 1082 1804 possemus,
1104 1757 1168 1804 qui
1187 1757 1294 1792 nobis

118 1809 260 1857 aliquid
282 1811 478 1854 attulisset,
500 1823 573 1858 quo
592 1811 661 1846 hoc
681 1809 823 1845 firmius
843 1810 1086 1845 crederemus.

171 1862 289 1899 VIII.
325 1863 375 1899 A.
409 1863 556 1899 Vellem
586 1864 623 1898 id
652 1863 826 1910 quiden13
868 1863 931 1899 sed
964 1862 1081 1899 habeo
1111 1863 1292 1910 paullum,
1313 1870 1349 1899 21

118 1916 220 1963 quod
239 1916 434 1963 requiram.
493 1917 574 1964 Ego
603 1916 701 1951 enim
731 1916 922 1960 assentior,
950 1928 1091 1960 eorum,
1113 1928 1200 1964 quae
1226 1928 1293 1963 po-

119 1969 238 2011 suisti,
269 1970 426 2004 alterum
455 1969 559 2004 alteri
594 1981 822 2016 consequens
849 1981 941 2012 esse,
973 1976 1027 2012 ut,
1052 1969 1292 2016 quemadmo-

118 2022 220 2065 dum,
237 2023 278 2066 si,
293 2023 393 2070 quod
407 2021 603 2057 honestum
622 2022 680 2065 sit,
696 2022 731 2057 id
749 2022 868 2057 solum
882 2022 929 2058 sit
940 2023 1092 2066 bonum,
1107 2027 1293 2069 sequatur,

121 2074 234 2111 vitam
262 2076 407 2111 beatam
425 2075 561 2110 virtute
581 2075 723 2117 confici,
743 2075 806 2119 sic,
828 2075 858 2110 si
877 2075 953 2111 vita
971 2076 1079 2111 beata
1098 2074 1135 2109 in
1157 2074 1293 2110 virtute

121 2127 180 2171 sit,
204 2128 297 2164 nihil
324 2141 402 2164 esse
428 2128 498 2163 nisi
526 2128 699 2164 virtutem
726 2128 878 2164 bonum.
938 2128 1012 2163 Sed
1032 2128 1170 2162 Brutus
1191 2133 1291 2171 tuus,

120 2187 268 2217 auctore
287 2181 413 2217 Aristo
433 2187 469 2216 et
488 2181 685 2224 Antiocho,
705 2193 778 2217 non
802 2181 914 2217 sentit
933 2181 1025 2224 hoc;
1055 2186 1162 2228 putat
1181 2180 1292 2223 enim,

120 2233 231 2269 etiam
251 2234 279 2270 si
301 2235 348 2270 sit
369 2235 506 2270 bonum
527 2234 676 2282 aliquod
702 2241 836 2282 praeter
855 2234 1043 2271 virtutem.
1099 2232 1159 2269 M.
1191 2233 1294 2272 Quid
1314 2242 1351 2270 22

119 2285 261 2334 igitur?
291 2294 418 2323 contra
436 2288 643 2323 Brutumne
669 2300 726 2322 me
746 2287 932 2322 dicturum
958 2285 1096 2333 putas?
1153 2285 1203 2322 A.
1235 2286 1295 2322 Tu

121 2351 220 2383 vero,
249 2347 293 2376 ut
320 2340 489 2382 videtur;
525 2352 612 2375 nam
638 2340 823 2388 praefinire
853 2351 927 2375 non
957 2346 1012 2374 est
1039 2351 1176 2375 meum.
1231 2337 1292 2375 M.

123 2390 225 2429 Quid
250 2393 384 2441 cuique
412 2393 525 2442 igitur
555 2399 843 2429 consentaneum
866 2392 925 2436 sit,
947 2391 1020 2428 alio
1044 2392 1139 2429 loco.
1197 2391 1294 2427 Nam

665 2458 695 2482 Μ
715 2449 737 2484 3
