1471 2585
100 372 162 402 114·

103 1224 161 1252 115

104 1753 164 1783 116

181 101 255 136 152
497 109 699 134 'ruscurAN
729 109 1025 135 stPUTATIONS.
1115 92 1357 144 [114—116.

180 204 236 241 Ut
264 204 363 241 enim
395 204 454 240 vel
487 217 630 240 summa
660 211 857 252 paupertas
884 202 1084 239 tolerabilis
1111 202 1169 244 sit,
1192 202 1221 238 si
1241 201 1360 245 liceat,

179 258 281 306 quod
301 258 523 306 quibusdam
546 258 688 293 Graecis
708 257 875 305 quotidie
894 269 903 293 ι
921 256 971 292 sic
991 256 1139 292 caecitas
1158 255 1242 291 ferri
1257 254 1362 291 facile

179 311 308 359 possit,
331 311 360 346 si
381 323 453 346 non
475 311 598 346 desint
617 311 783 346 subsidia
801 309 1072 345 valetudinum.

232 365 471 400 Democritus
490 364 695 399 luminibus
724 363 869 399 amissis
897 363 981 398 alba
1001 362 1139 399 scilicet
1157 362 1362 397 discernere

179 423 217 453 et
235 424 313 453 atra
333 429 407 452 non
427 424 583 465 poterat.
642 417 695 452 At
714 429 801 452 vero
830 416 927 451 bona
955 415 1063 458 mala,
1084 427 1193 463 aequa
1220 414 1361 462 iniqua,

178 470 336 506 honesta
355 470 490 517 turpia,
512 470 619 506 utilia
645 469 805 512 inutilia,
825 481 961 517 magna
988 481 1100 517 parva
1127 473 1294 516 poterat3
1326 474 1363 502 et

180 523 258 559 sine
278 523 453 559 varietate
472 523 636 559 colorum
660 523 796 558 licebat
823 521 947 558 vivere
976 522 1094 566 beate,
1116 522 1193 556 sine
1212 521 1363 556 notione

179 588 301 612 rerum
319 589 393 612 non
413 576 559 613 licebat.
617 577 743 624 Atque
763 575 822 611 hie
842 574 898 610 vir
915 575 1083 623 impediri
1111 574 1220 610 etiam
1250 573 1363 609 animi

180 629 295 665 aciem
315 629 493 677 adspectu
510 629 702 666 oculorum
718 628 975 673 arbitrabatur,
991 634 1028 664 et
1041 640 1155 675 quum
1173 627 1234 662 alii
1249 638 1362 674 saepe,

180 683 282 730 quod
311 689 395 718 ante
426 683 538 731 pedes
569 689 678 726 esset,
698 695 773 717 non
799 681 976 725 viderent,
996 681 1059 717 ille
1085 681 1122 716 in
1142 679 1362 716 infinitatem

179 748 327 771 omnem
349 736 662 784 peregrinabatur,
685 742 727 771 ut
746 734 851 770 nulla
869 735 905 770 in
927 734 1160 770 extremitate
1184 733 1363 769 consiste-

179 795 247 825 ret.
306 789 501 825 Traditum
521 796 577 824 est
597 789 705 824 etiam
729 787 937 824 Homerum
967 800 1107 824 caecum
1127 786 1254 822 fuisse.
1313 786 1365 822 At

180 841 262 890 ejus
289 842 484 890 picturam,
509 854 586 877 non
617 841 758 890 poesin,
790 841 970 877 videmus.
1029 841 1126 879 Quae
1146 840 1257 888 regio,
1279 851 1364 888 quae

181 907 255 938 ora,
275 895 339 944 qui
370 895 474 931 loeus
505 895 678 938 Graeciae,
699 907 786 942 quae
820 894 959 942 species
992 893 1182 941 formaque
1213 905 1364 941 pugnae,
1394 915 1396 917 >

181 960 267 995 quae
299 948 406 991 acies,
439 949 539 996 quod
573 948 780 996 remigium,
816 948 880 996 qui
908 954 1034 983 motus
1065 946 1271 989 hominum,
1302 946 1367 993 qui

180 1001 338 1038 ferarum
359 1014 434 1036 non
452 1003 504 1037 ita
529 1001 702 1049 expictus
729 1007 796 1045 est,
816 1007 870 1043 ut,
892 1013 977 1048 quae
1006 1001 1085 1048 ipse
1114 1012 1189 1035 non
1220 999 1364 1043 viderit,

180 1067 248 1090 nos
274 1061 324 1090 -ut
357 1055 581 1099 videremus,
609 1054 795 1090 effecerit?
827 1054 931 1092 Quid
959 1053 1073 1102 ergo?
1104 1059 1168 1088 aut
1199 1053 1366 1088 Homero

181 1108 463 1144 delectationem
483 1108 596 1143 animi
624 1120 665 1143 ac
693 1107 923 1155 voluptatem
955 1114 1020 1142 aut
1052 1106 1227 1154 cuiquam
1257 1106 1366 1141 docto

181 1160 342 1196 defuisse
361 1173 540 1209 umquam
561 1159 810 1196 arbitramur?
839 1167 914 1203 aut,
935 1160 975 1195 ni
993 1160 1043 1196 ita
1063 1172 1101 1195 se
1125 1172 1182 1195 res
1201 1159 1366 1202 haberet,

181 1216 426 1260 Anaxagoras
446 1221 512 1250 aut
530 1213 590 1249 hic
609 1214 688 1261 ipse
709 1213 946 1249 Democritus
966 1225 1072 1261 agros
1091 1219 1128 1248 et
1146 1211 1367 1260 patrimonia

183 1280 250 1303 sua
267 1267 514 1314 reliquissent,
537 1267 623 1303 huic
643 1267 809 1303 discendi
835 1266 1100 1313 quaerendique
1132 1265 1270 1300 divinae
1301 1264 1365 1300 de-

179 1320 370 1356 lectationi
404 1327 482 1356 toto
513 1332 550 1355 se
585 1320 708 1355 animo
746 1318 959 1355 dedissent?
1018 1318 1150 1366 Itaque
1187 1330 1365 1366 augurem

181 1374 373 1417 Tiresiam,
413 1385 523 1420 quem
563 1373 766 1420 sapientem
804 1372 954 1420 fingunt
988 1378 1122 1420 poetae,
1161 1383 1366 1418 numquam

180 1426 366 1462 inducunt
385 1426 638 1473 deplorantem
658 1425 862 1461 caecitatem
884 1437 1003 1460 suam.
1060 1425 1114 1460 At
1142 1436 1228 1460 vero
1249 1424 1365 1472 Poly-

181 1479 357 1527 phemum
381 1479 568 1514 Homerus
588 1491 705 1526 quum
734 1479 932 1513 immanem
955 1477 1152 1525 ferumque
1181 1477 1366 1521 finxisset,

183 1545 268 1568 eum
300 1532 412 1567 ariete
444 1532 554 1568 etiam
593 1532 867 1579 colloquentem
905 1531 992 1566 facit
1027 1530 1182 1579 ejusque
1218 1530 1368 1566 laudare

182 1585 361 1629 fortunas,
381 1586 493 1633 quod,
515 1597 589 1633 qua
607 1585 732 1628 vellet,
753 1584 896 1632 ingredi
916 1591 1042 1631 posset
1067 1590 1115 1627 et,
1136 1596 1222 1632 quae
1242 1583 1366 1626 vellet,

183 1638 378 1687 attingere.
436 1638 553 1674 Recte
587 1638 645 1673 hic
680 1637 843 1686 quidem.
902 1636 1030 1673 Nihilo
1059 1637 1156 1672 enim
1186 1643 1262 1672 erat
1287 1636 1367 1684 ipse

185 1692 347 1740 Cyclops
368 1703 478 1739 quam
500 1691 593 1727 aries
613 1691 675 1727 ille
695 1690 923 1739 prudentior.

238 1745 322 1781 XL.
356 1744 401 1780 In
423 1745 600 1780 surditate
623 1757 706 1780 vero
728 1744 905 1791 quidnam
926 1749 982 1779 est
1000 1742 1115 1778 mali?
1172 1742 1263 1778 Erat
1285 1754 1367 1778 sur-

184 1798 306 1834 daster
337 1797 393 1833 M.
432 1798 612 1841 Crassus;
653 1797 717 1833 sed
751 1797 854 1833 aliud
891 1796 1096 1839 molestius,
1137 1796 1237 1844 quod
1272 1795 1369 1832 male

186 1851 371 1894 audiebat,
393 1851 504 1886 etiam
525 1851 567 1894 si,
589 1857 631 1886 ut
650 1850 741 1886 mihi
762 1850 968 1892 videbatur,
988 1849 1135 1897 injuria.
1192 1848 1367 1896 Epicurei

183 1904 299 1940 nostri
321 1904 452 1939 Graece
473 1904 546 1939 fere
565 1903 747 1946 nesciunt,
768 1915 836 1939 nec
866 1902 989 1939 Graeci
1010 1902 1155 1938 Latine.
1213 1902 1312 1950 Ergo
1331 1901 1369 1936 hi

185 1957 224 1992 in
243 1957 391 1992 illorum
415 1963 451 1991 et
471 1956 524 1991 illi
553 1957 590 1991 in
621 1957 753 1992 horum
775 1968 941 1991 sermone
970 1956 1082 1999 surdi,
1104 1967 1306 2002 omnesque
1333 1954 1370 1990 id

185 2023 256 2046 nos
275 2010 312 2045 in
333 2009 377 2044 iis
396 2009 548 2057 linguiS,
570 2022 661 2056 quas
680 2022 759 2055 non*
773 2009 1028 2057 intelligimuS,
1046 2021 1131 2056 quae
1153 2014 1241 2044 sunt
1260 2008 1369 2043 innu-

184 2063 394 2107 merabiles,
418 2062 519 2098 surdi
550 2063 711 2109 profecto
741 2062 992 2098 sumus.—At
1021 2073 1148 2097 vocem
1178 2059 1370 2097 citharoedi

185 2128 260 2151 non
290 2115 579 2151 audiunt.—Ne
609 2115 800 2150 stridorem
830 2115 978 2163 quidem
1009 2127 1131 2157 serrae,
1152 2120 1230 2149 tum
1252 2125 1369 2161 quum

186 2169 344 2212 acuitur,
359 2175 424 2204 aut
444 2168 676 2216 grunnitum,
694 2180 811 2214 quum
827 2168 1034 2216 jugulatur,
1051 2167 1138 2209 suis,
1159 2179 1238 2210 nec,
1252 2178 1370 2214 quum

186 2221 376 2268 quiescere
405 2222 549 2264 volunt,
571 2220 756 2256 fremitum
787 2220 1053 2257 murmurantis
1080 2220 1204 2255 maris.
1260 2219 1311 2254 Et
1341 2219 1370 2254 si

187 2280 317 2310 cantus
337 2287 399 2309 eos
416 2275 508 2310 forte
529 2274 727 2316 delectant,
744 2274 903 2321 primum
925 2273 1082 2321 cogitare
1101 2273 1247 2315 debent,
1265 2278 1369 2308 ante-

186 2339 297 2375 quam
331 2326 368 2362 hi
404 2328 477 2363 sint
509 2327 664 2371 inventi,
686 2327 824 2363 multos
850 2328 957 2363 beate
987 2326 1127 2361 vixisse
1157 2325 1368 2373 sapientes;

186 2380 319 2416 deinde
339 2380 460 2416 multo
478 2380 655 2429 majorem
677 2380 816 2428 percipi
837 2393 945 2429 posse
972 2379 1139 2428 legendis
1166 2378 1235 2422 his,
1257 2390 1371 2426 quam
