1471 2585
208 79 260 115 94
528 89 730 114 TUSCULAN
759 89 1055 114 luseum-rmus.
1225 73 1389 126 [8-10.

266 183 336 221 IV.
367 183 440 219 Sed
469 185 643 220 defendat
671 184 773 232 quod
806 183 966 231 quisque
998 183 1136 226 sentit3
1168 188 1255 219 sunt
1291 183 1391 220 enim

205 236 474 286 judicialibera
489 251 498 280 ;
520 250 589 273 nos
604 239 817 274 institutum
835 237 1056 280 tenebimus,
1070 237 1258 284 nullisque
1276 237 1390 273 unius

211 290 418 338 disciplinae
439 291 584 338 legibus
604 291 780 334 adstricti,
795 291 931 338 quibus
951 291 987 326 in
1009 291 1243 339 philosophia
1262 302 1389 326 neces-

212 344 307 379 sario
326 356 532 391 pareamus,
550 345 640 392 quid
660 345 706 380 sit
725 344 763 380 in
784 356 930 392 quaque
951 356 987 379 re
1007 344 1168 379 maxime
1189 343 1389 392 probabile,

213 409 358 444 semper
376 397 619 444 requiremus.
677 398 789 436 Quod
807 409 922 444 quum
937 409 1036 445 saepe
1056 397 1158 439 alias,
1172 404 1251 432 tum
1273 409 1392 445 nuper

212 449 251 485 in
273 450 487 486 Tusculano
508 451 673 487 studiose
692 451 848 499 egimuS.
908 449 1041 497 Itaque
1069 450 1250 498 expositis
1278 450 1391 486 tridui

212 503 540 550 disputationibus,
561 512 716 552 quartus
736 505 814 539 dies
834 504 903 538 hoc
923 503 1016 539 libro
1037 503 1282 540 concluditur.
1336 502 1392 540 Ut

212 557 311 592 enim
349 556 386 592 in
420 557 627 594 inferiorem
661 557 951 593 ambulationem
988 557 1259 601 descendimus,
1290 557 1391 606 quod

212 609 416 646 feceramus
435 610 531 646 idem
552 610 803 659 superioribus
823 610 966 651 diebus,
986 617 1067 646 acta
1087 623 1143 645 res
1163 616 1220 645 est
1238 610 1301 646 sic.

175 671 194 699 S
266 662 327 699 Μ.
358 663 480 706 Dicat,
516 664 546 699 si
576 665 660 712 quis
695 664 789 706 vult,
820 676 896 711 qua
927 663 972 698 de
1002 676 1039 698 re
1073 663 1254 711 disputari
1286 663 1389 699 velit.

212 715 264 752 A.
294 716 380 752 Non
411 717 501 752 mihi
533 717 679 753 videtur
710 716 812 752 omni
843 716 956 752 animi
987 717 1262 764 perturbatione
1284 728 1392 765 posse

211 769 358 817 sapiens
379 782 519 806 vacare.
579 769 636 806 M.
658 770 896 818 AEgritudine
910 770 1060 818 quidem
1079 770 1251 805 hesterna
1264 770 1391 818 dispu-

211 822 352 859 tatione
378 823 585 866 videbatur,
607 824 676 859 nisi
706 824 798 859 forte
832 824 1008 871 temporis
1042 836 1172 859 caussa
1197 823 1304 859 nobis
1331 835 1390 858 as-

212 876 432 912 sentiebare.
479 876 530 913 A.
554 876 711 912 Minime
727 890 836 920 vero;
858 889 944 912 nam
966 876 1056 912 mihi
1075 876 1220 925 egregie
1240 876 1395 925 probata

211 936 269 964 est
288 930 403 965 oratio
425 937 499 966 tua.
558 929 618 967 Μ.
650 930 736 966 Non
755 931 869 978 igitur
887 930 1080 966 existimas
1109 930 1238 966 cadere
1266 930 1304 966 in
1333 942 1392 965 sa-

212 982 375 1030 pientem
397 983 688 1031 aegritudinem?
746 983 795 1020 A.
826 984 983 1019 Prorsus
1012 996 1086 1019 non
1106 983 1273 1020 arbitror.
1329 981 1391 1019 M.

213 1036 344 1083 Atqui,
366 1037 395 1072 si
425 1038 495 1072 ista
522 1038 735 1084 perturbare
766 1037 929 1072 animum
953 1036 1129 1084 sapientis
1155 1048 1231 1071 non
1258 1042 1393 1084 potest,

212 1089 320 1125 nulla
355 1090 503 1138 poterit.
567 1090 672 1129 Quid
710 1090 835 1125 enim?
879 1097 1050 1126 metusne
1087 1090 1313 1126 conturbet?
1356 1097 1395 1126 at

212 1154 339 1178 earum
359 1156 481 1178 rerum
502 1149 558 1179 est
576 1143 788 1179 absentium
810 1151 943 1186 metus,
964 1155 1122 1190 quarum
1151 1143 1394 1190 praesentium

213 1203 269 1231 est
288 1196 483 1244 aegritudo.
543 1197 699 1232 Sublata
718 1197 831 1245 igitur
842 1197 1077 1244 aegritudine,
1092 1197 1203 1232 etiam
1224 1196 1396 1232 sublatus

213 1256 270 1284 est
289 1257 422 1286 metus.
483 1250 643 1286 Restant
662 1251 748 1286 duae
767 1250 1074 1298 perturbationes,
1089 1250 1219 1285 laetitia
1233 1250 1397 1297 gestiens

214 1308 252 1338 et
270 1302 398 1346 libido,
419 1316 505 1351 quae
524 1303 554 1338 si
574 1316 647 1338 non
669 1304 802 1339 cadent
821 1303 857 1338 in
888 1303 1104 1350 sapientem,
1127 1315 1271 1350 semper
1290 1315 1396 1338 mens

176 1364 194 1394 9
214 1355 283 1391 erit
303 1357 503 1403 tranquilla
523 1357 712 1404 sapientis.
771 1355 821 1392 A.
844 1356 905 1392 Sic
925 1368 1073 1403 prorsus
1093 1356 1274 1404 intelligo.
1332 1355 1394 1393 M.

217 1408 354 1444 Utrum
380 1409 495 1456 igitur
514 1409 658 1444 mavis?
690 1409 863 1445 statimne
884 1422 951 1445 nos
970 1409 1053 1444 vela
1071 1409 1201 1453 facere,
1223 1421 1268 1445 an
1289 1403 1398 1458 quasi

213 1474 234 1498 e
255 1469 363 1509 portu
382 1462 611 1510 egredientes
632 1462 841 1510 paullulum
861 1463 1065 1511 remigare?
1122 1462 1173 1499 A.
1205 1462 1397 1502 Quidnam

214 1521 272 1550 est
290 1515 414 1551 istuc?
444 1528 518 1551 non
539 1516 638 1551 enim
657 1515 839 1563 intelligo.

269 1567 317 1605 V.
349 1567 409 1605 M.
441 1569 541 1607 Quia
569 1569 802 1617 Chrysippus
831 1576 868 1605 et
898 1568 1025 1613 Stoici,
1060 1582 1176 1616 quum
1207 1569 1252 1605 de
1283 1568 1398 1605 animi

216 1622 558 1668 perturbationibus
577 1622 781 1670 disputant,
801 1635 973 1670 magnam
1004 1631 1142 1669 partem
1172 1622 1211 1658 in
1240 1621 1285 1657 iis
1313 1634 1397 1669 par-

217 1674 352 1711 tiendis
372 1683 408 1711 et
427 1676 646 1711 definiendis
659 1676 828 1724 occupati
842 1683 951 1718 sunt3
974 1676 1038 1711 illa
1049 1687 1175 1711 eorum
1193 1675 1398 1724 perexigua.

216 1728 333 1764 oratio
353 1736 419 1772 est,
440 1741 516 1777 qua
535 1729 751 1764 medeantur
763 1729 894 1765 animis
907 1741 974 1764 nec
989 1741 1051 1764 eos
1068 1729 1302 1765 turbulentos
1317 1741 1397 1765 esse

217 1781 424 1828 patiantur:
449 1782 686 1830 Peripatetici
706 1790 828 1818 autem
843 1782 887 1817 ad
904 1782 1102 1830 placandos
1119 1782 1263 1818 animos
1279 1782 1398 1819 multa

217 1834 388 1879 afferunt,
421 1836 544 1883 spinas
574 1836 755 1883 partiendi
784 1843 821 1871 et
849 1835 1052 1871 definiendi
1080 1835 1394 1883 praetermittunt3

217 1888 431 1935 quaerebam
451 1889 575 1935 igitur,
594 1896 720 1924 utrum
742 1890 940 1936 panderem
962 1889 1042 1924 vela
1060 1889 1236 1924 orationis
1259 1888 1396 1932 statim,

217 1953 264 1976 an
284 1953 363 1976 eam
385 1948 470 1977 ante
491 1941 698 1989 paullulum
719 1942 995 1978 dialecticorum
1015 1942 1124 1977 remis
1140 1941 1396 1990 propellerem.

219 1993 269 2031 A.
301 1993 380 2030 Isto
400 1995 510 2030 modo
525 2007 622 2030 vero.
681 1996 762 2031 Erit
781 1996 879 2031 enim
901 1995 969 2031 hoc
987 2002 1119 2040 totum,
1135 1995 1235 2043 quod
1254 2006 1397 2042 quaero,

162 2057 199 2084 lu
219 2059 267 2083 ex
290 2054 448 2096 utroque
465 2047 674 2095 perfectius.
732 2047 792 2086 M.
825 2049 894 2084 Est
914 2049 949 2083 id
973 2049 1122 2096 quidem
1143 2048 1302 2091 rectius;
1333 2047 1398 2083 sed

221 2107 304 2147 post
321 2101 496 2149 requires,
512 2101 541 2136 si
561 2102 651 2148 quid
673 2102 781 2137 fuerit
801 2102 1007 2138 obscurius.
1056 2101 1106 2138 A.
1127 2101 1274 2136 Faciam
1291 2100 1398 2148 equi-

218 2153 302 2189 dem
322 2168 330 2197 ;
354 2161 394 2190 tu
415 2161 550 2197 tamen,
573 2164 614 2189 ut
634 2154 742 2197 soles,
760 2155 858 2191 (lices
878 2155 947 2191 ista
963 2155 1043 2202 ipsa
1062 2155 1218 2190 obscura
1238 2153 1397 2201 planius,

217 2218 333 2254 quam
370 2207 546 2243 dicuntur
581 2220 602 2243 a
633 2207 787 2243 Graecis.
847 2207 906 2245 M.
939 2208 1068 2244 Enitar
1104 2207 1275 2254 equidem
1294 2221 1302 2250 3
1334 2207 1399 2242 sed

218 2260 362 2294 intento
391 2273 486 2307 opus
515 2267 573 2297 est
599 2261 734 2303 animo,
756 2274 802 2297 ne
831 2262 955 2297 omnia
982 2260 1205 2304 dilabantur,
1226 2260 1256 2295 si
1283 2271 1398 2296 unum

216 2311 360 2359 aliquid
379 2313 561 2361 effugerit.

273 2366 474 2410 Quoniam,
495 2379 581 2415 quae
612 2367 736 2403 Graeci
763 2366 865 2411 πάθη
896 2372 1041 2411 vocant,
1071 2366 1178 2403 nobis
1205 2366 1399 2414 perturba-
