1471 2585
102 81 322 134 84.1—3.]
360 95 463 119 BOOK
483 94 535 119 1v.
557 94 674 119 anP.
697 85 761 118 38.
797 94 900 118 BOOK
920 94 952 117 v.
976 93 1095 118 anP.
1118 84 1152 118 1.
1213 84 1288 119 119

155 191 229 227 Sed
245 196 282 227 et
301 189 534 239 aegritudinis
554 195 591 225 et
606 188 835 236 reliquorum
855 188 968 224 animi
984 189 1197 225 morborum
1214 201 1289 225 una

102 245 244 282 sanatio
278 251 344 287 est,
377 255 506 279 omnes
540 242 747 291 opinabiles
783 254 864 278 esse
897 249 934 278 et
968 242 1210 285 voluntarios,
1245 255 1288 278 ea

59 294 62 297 ’
100 311 213 346 reque
243 296 394 344 suscipi,
427 296 528 345 quod
563 297 615 332 ita
647 302 787 332 rectum
819 308 898 331 esse
929 295 1111 332 videatur.
1172 296 1288 332 Hunc

101 363 272 394 errorem,
293 350 398 398 quasi
418 350 578 386 radicem
604 349 787 385 malorum
812 349 993 392 omnium,
1015 349 1183 397 stirpitus
1202 349 1287 398 phi-

51 424 57 425 ⁷
100 404 270 453 Iosophia
299 416 337 439 se
366 409 619 439 extracturam
638 402 848 451 pollicetur.
907 403 1051 439 Demus
1078 403 1192 450 igitur
1220 415 1287 438 nos
1305 409 1346 439 84

99 458 186 494 huic
219 456 447 494 excolendos
480 456 740 505 patiamurque
772 468 842 491 nos
876 456 1010 492 sanari.
1082 456 1156 492 His
1186 456 1287 492 enim

100 511 208 548 malis
227 510 490 552 insidentibus,
517 522 591 545 non
617 509 728 545 modo
749 509 860 551 beati,
882 510 946 544 sed
966 522 1012 545 ne
1033 509 1112 545 sani
1133 509 1287 557 quidem

101 577 180 602 esse
201 576 413 612 possumus.
471 564 551 599 Aut
575 563 688 612 igitur
706 575 898 610 negemus,
919 562 1120 611 quicquam
1147 562 1289 598 ratione

101 618 245 661 confici,
267 630 385 665 quum
405 623 533 652 contra
551 616 644 652 nihil
664 616 741 652 sine
761 616 902 651 ratione
928 622 1024 652 recte
1051 616 1130 652 fieri
1157 616 1287 664 possit,

100 677 177 715 aut,
202 683 317 719 quum
349 670 584 718 philosophia
613 682 661 706 ex
691 669 875 705 rationum
905 669 1104 705 collatione
1133 675 1288 713 constet,

102 725 148 761 ab
169 737 223 767 ea,
246 724 276 759 si
297 730 334 760 et
353 724 439 759 boni
461 730 498 759 et
514 723 613 759 beati
627 723 803 759 volumus
820 735 910 766 esse,
929 724 1054 759 omnia
1073 723 1291 772 adjumenta

100 785 137 815 et
155 777 296 815 auxilia
311 784 482 826 petamus
503 777 597 813 bene
617 777 800 825 beateque
820 776 983 813 vivendi.

441 1044 629 1085 LIBER
661 1044 950 1086 QUINTUS.

100 1148 136 1186 I.
166 1148 351 1188 QUINTUS
372 1148 430 1184 hic
450 1148 542 1192 dies,
569 1149 696 1191 Brute,
728 1148 841 1183 finem
861 1148 970 1184 faciet
990 1148 1288 1186 Tusculanarum
1310 1159 1325 1188 1

100 1202 412 1250 disputationum,
429 1215 504 1250 quo
525 1202 583 1237 die
604 1209 660 1238 est
679 1214 700 1237 a
718 1202 826 1238 nobis
847 1214 889 1237 ea
909 1202 954 1237 de
973 1215 1024 1245 re,
1045 1215 1159 1250 quam
1177 1210 1218 1238 tu
1238 1215 1287 1239 ex

99 1255 275 1291 omnibus
308 1255 472 1291 maxime
504 1255 651 1303 probas,
686 1255 930 1302 disputatum.
1001 1255 1152 1291 Placere
1188 1256 1289 1292 enim

99 1308 169 1345 tibi
187 1309 402 1353 admodum,
425 1309 524 1344 sensi
544 1315 581 1344 et
600 1321 648 1344 ex
668 1321 710 1343 eo
731 1308 838 1351 libro,
859 1320 970 1356 quem
991 1309 1037 1344 ad
1057 1321 1115 1345 me
1136 1321 1288 1345 accura-

99 1362 241 1398 tissime
261 1363 452 1410 scripsisti,
471 1368 507 1397 et
527 1374 574 1397 ex
595 1361 724 1397 multis
751 1362 983 1397 sermonibus
1003 1362 1089 1406 tuis,
1111 1363 1288 1399 virtutem

101 1416 147 1451 ad
166 1416 274 1451 beate
295 1416 498 1451 vivendum
519 1427 557 1450 se
580 1414 662 1463 ipsa
690 1427 769 1450 esse
798 1421 1025 1451 contentam.
1085 1416 1198 1454 Quod
1218 1416 1288 1452 etsi

101 1469 250 1504 difficile
269 1476 326 1504 est
345 1469 505 1516 probatu
524 1475 674 1516 propter
692 1474 768 1504 tam
785 1469 887 1504 varia
906 1475 942 1504 et
966 1474 1040 1504 tam
1067 1469 1187 1505 multa
1212 1475 1288 1505 tor-

101 1528 227 1557 menta
246 1522 418 1565 fortunae,
441 1522 513 1557 tale
533 1528 657 1557 tamen
678 1528 745 1565 est,
766 1529 810 1557 ut
835 1522 1101 1558 elaborandum
1132 1522 1190 1566 sit,
1211 1535 1288 1571 quo

100 1574 246 1611 facilius
274 1576 475 1623 probetur3
508 1575 600 1611 nihil
618 1581 673 1611 est
693 1575 791 1610 enim
818 1575 999 1619 omnium,
1021 1588 1108 1623 quae
1137 1575 1175 1611 in
1205 1576 1289 1624 phi-

100 1627 270 1676 losophia
316 1634 533 1671 tractantur,
571 1629 670 1676 quod
716 1628 865 1676 gravius
911 1629 1290 1677 magnificentiusque

101 1681 256 1718 dicatur.
316 1682 413 1718 Nam
434 1694 550 1729 quum
577 1694 619 1717 ea
646 1694 776 1717 caussa
792 1681 984 1729 impulerit
1003 1694 1077 1726 θος,
1098 1682 1163 1729 qui
1180 1682 1288 1730 primi
1307 1691 1326 1720 2

102 1747 141 1770 se
174 1735 221 1770 ad
253 1735 500 1783 philosophiae
538 1735 705 1770 studium
739 1735 989 1778 contulerunt,
1027 1742 1079 1778 ut,
1114 1735 1289 1772 omnibus

101 1788 212 1824 rebus
231 1788 465 1836 posthabitis,
494 1794 591 1824 totos
621 1801 658 1823 se
687 1787 725 1822 in
755 1788 896 1835 optimo
916 1787 1005 1824 vitae
1026 1795 1127 1824 statu
1152 1789 1288 1836 exqui-

100 1841 215 1876 rendo
236 1841 485 1877 collocarent:
515 1840 680 1889 profecto
701 1853 765 1888 spe
786 1841 891 1876 beate
914 1841 1064 1877 vivendi
1085 1847 1226 1878 tantam
1246 1842 1287 1879 in

102 1906 146 1929 eo
175 1894 298 1930 studio
328 1906 454 1930 curam
482 1906 708 1941 operamque
736 1901 955 1942 posuerunt.
1013 1895 1159 1933 Quodsi
1177 1895 1223 1931 ab
1243 1895 1289 1931 iis

101 1947 254 1983 inventa
284 1953 321 1983 et
352 1947 514 1995 perfecta
546 1946 662 1982 virtus
696 1954 751 1982 est
783 1953 820 1982 et
850 1947 881 1982 si
911 1948 1076 1995 praesidii
1106 1949 1152 1984 ad
1179 1949 1288 1984 beate

102 2000 304 2036 vivendum
336 2000 373 2036 in
401 2000 539 2035 virtute
569 2000 657 2035 satis
688 2006 766 2036 est:
798 2000 882 2048 quis
906 2007 974 2044 est,
996 2001 1062 2049 qui
1090 2014 1164 2037 non
1191 2014 1287 2049 prae-

102 2053 199 2090 clare
222 2060 259 2089 et
288 2054 334 2089 ab
363 2053 436 2088 illis
467 2052 625 2100 positam
651 2060 689 2089 et
713 2066 734 2089 a
762 2053 869 2089 nobis
899 2061 1110 2102 susceptam
1140 2067 1289 2102 operam

102 2106 388 2155 philosophandi
419 2105 645 2142 arbitretur?
713 2106 779 2142 Sin
812 2113 936 2142 autem
973 2108 1087 2142 virtus
1122 2107 1290 2156 subjecta

104 2159 174 2196 sub
203 2160 324 2195 varios
354 2159 588 2206 incertosque
624 2172 731 2195 casus
765 2159 905 2196 famula
938 2161 1099 2196 fortunae
1133 2167 1189 2196 est
1220 2173 1288 2198 nec

103 2219 289 2249 tantarum
313 2213 446 2248 virium
471 2219 539 2256 est,
560 2218 603 2248 ut
623 2225 660 2248 se
682 2213 765 2261 ipsa
783 2220 956 2249 tueatur:
988 2225 1126 2256 vereor,
1147 2226 1193 2249 ne
1213 2227 1289 2251 non

103 2272 178 2302 tarn
222 2266 367 2301 virtutis
404 2265 540 2301 fiducia
576 2265 768 2302 nitendum
813 2266 920 2302 nobis
957 2266 1003 2302 ad
1040 2278 1143 2313 spem
1181 2268 1290 2304 beate

103 2319 266 2362 vivendi,
296 2331 407 2367 quam
432 2325 520 2354 vota
547 2318 714 2356 facienda
741 2319 952 2355 videantur.
1009 2319 1197 2367 Equidem
1226 2333 1289 2357 eos
1309 2330 1327 2359 3

105 2383 223 2417 casus,
239 2372 276 2408 in
292 2373 429 2421 quibus
448 2384 507 2408 me
523 2371 672 2408 fortuna
685 2372 931 2409 vehementur
946 2373 1126 2418 exercuit,
1143 2386 1290 2410 mecum
