1471 2585
189 88 263 122 148
477 97 682 122 TUSCULAN
712 97 1010 122 DlsPUTATIONs.
1121 84 1363 135 [loo—102.

186 205 279 240 quos
298 198 410 240 negat
428 192 475 228 ad
493 203 627 240 panem
646 190 818 228 adhibere
838 192 1037 240 quicquam
1055 198 1188 241 praeter
1216 199 1362 230 nastur-

186 246 292 282 tium.
352 246 603 292 Quamquam,
634 245 664 281 si
689 245 861 293 quaedam
891 246 1001 281 etiam
1031 247 1201 283 suaviora
1231 253 1364 283 natura

186 299 379 343 desideret,
401 311 511 346 quam
532 298 652 334 multa
671 311 719 334 ex
740 305 834 334 terra
852 299 1117 347 arboribusque
1143 300 1361 349 gignuntur,

186 365 302 401 quum
340 352 445 400 copia
474 351 584 395 facili,
620 358 698 387 tum
735 352 916 387 suavitate
949 353 1184 400 praestantia!
1252 353 1362 389 Adde

186 406 398 449 siccitatem,
416 417 502 453 quae
523 404 761 452 consequitur
777 404 870 441 hanc
890 405 1154 442 continentiam
1174 407 1210 442 in
1232 406 1332 442 victu
1349 421 1359 451 ;

108 467 168 496 100
186 459 279 494 adde
315 458 563 506 integritatem
596 458 830 494 valetudinis.
889 458 1241 502 Confer-sudantes,
1277 473 1361 496 ruc-

186 518 318 554 tanteS,
336 511 485 547 refertos
503 511 634 560 epulis,
656 518 845 559 tamquam
866 511 1008 559 opimos
1028 512 1163 556 boves;
1197 519 1276 548 tum
1306 513 1363 548 in—

183 565 339 613 telligeS‚
361 564 424 613 qui
446 564 673 612 voluptatem
694 565 857 600 maxime
884 572 1096 612 sequantur,
1121 578 1184 601 eos
1209 566 1363 602 minime

183 618 373 666 consequi,
394 618 743 666 jucunditatemque
766 618 884 654 vietus
911 631 989 654 esse
1016 618 1052 654 in
1073 618 1266 662 desiderio,
1287 632 1363 655 non

183 671 221 707 in
242 672 423 707 satietate.

237 724 403 761 XXXV.
453 723 704 768 Timotheum,
739 724 878 759 clarum
916 724 1103 760 hominem
1133 725 1292 761 Athenis
1326 733 1365 761 et

183 777 386 826 principem
409 777 582 822 civitatis,
603 777 739 821 ferunt,
761 790 877 825 quum
907 777 1128 814 coenavisset
1151 779 1249 827 apud
1276 778 1363 814 Pla-

184 840 309 867 tonem
329 844 449 878 eoque
475 830 647 866 convivio
677 831 877 866 admodum
896 831 1098 867 delectatus
1125 838 1223 867 esset
1249 831 1363 868 vidis-

184 890 313 934 setque
342 897 426 920 eum
460 884 649 931 postridie,
687 883 853 920 dixisse:
904 883 1044 920 Vestra>
1073 885 1215 933 quidem
1244 897 1363 921 coenae
1392 922 1394 924 ,

183 949 252 973 non
271 937 383 973 solum
407 939 445 973 in
468 938 687 986 praese'ntia,
713 937 778 973 sed
807 938 913 973 etiam
937 944 1082 986 postero
1101 937 1161 973 die
1179 937 1364 987 jucundae

182 996 275 1027 sunt.
334 990 463 1029 Quid?
500 991 600 1038 quod
626 1003 672 1026 ne
698 996 821 1026 mente
841 991 992 1038 quidem
1020 997 1118 1026 recte
1145 991 1202 1026 uti
1231 1003 1364 1038 possu-

182 1056 266 1080 mus
302 1044 421 1080 multo
459 1043 539 1079 cibo
574 1050 610 1079 et
643 1044 793 1091 potione
824 1043 1027 1091 completi?
1084 1043 1156 1079 Est
1187 1043 1366 1092 praeclara

183 1097 341 1144 epistola
361 1097 529 1133 Platonis
549 1097 593 1132 ad
615 1096 748 1132 Dionis
768 1097 1009 1144 propinquos,
1036 1096 1073 1132 in
1094 1109 1169 1144 qua
1187 1097 1366 1146 scriptum

183 1157 240 1186 est
273 1150 330 1186 his
358 1150 431 1186 fere
469 1150 610 1186 verbis:
650 1150 776 1188 “Quo
808 1163 924 1197 quum
959 1149 1155 1192 venissem,
1190 1150 1266 1186 vita
1301 1149 1367 1186 illa

182 1203 302 1247 beata,
321 1216 407 1252 quae
426 1203 622 1247 ferebatur,
643 1203 753 1251 plena
771 1202 983 1238 Italicarum
1006 1203 1364 1251 Syracusiarumque

182 1269 406 1299 mensarum,
427 1256 531 1292 nullo
551 1256 662 1292 modo
683 1256 772 1292 mihi
792 1256 942 1304 placuit,
963 1256 1020 1292 bis
1046 1256 1084 1291 in
1112 1256 1170 1292 die
1197 1263 1366 1292 saturum

182 1310 261 1345 fieri
295 1323 362 1346 nec
395 1322 575 1357 umquam
612 1315 826 1357 pernoctare
862 1309 996 1352 solum,
1035 1314 1242 1357 ceteraque,
1275 1321 1363 1358 quae

184 1363 407 1398 comitantur
440 1363 525 1398 huic
555 1362 657 1404 vitae,
694 1362 731 1397 in
761 1374 835 1409 qua
864 1362 1010 1409 sapiens
1044 1374 1153 1397 nemo
1187 1362 1376 1398 efficietur·

184 1428 376 1463 umquam,
398 1416 608 1451 moderatus
631 1427 714 1450 vero
732 1415 848 1450 multo
869 1415 1005 1451 minus.
1064 1415 1161 1453 Quae
1181 1415 1278 1451 enim
1297 1427 1363 1451 na-

108 1475 267 1508 101tura
298 1476 371 1504 tam
407 1468 623 1504 mirabiliter
655 1468 849 1515 temperari
883 1467 1067 1515 potest?’'
1133 1468 1219 1506 Quo
1253 1469 1364 1504 modo

184 1521 297 1568 igitur
320 1522 489 1570 jucunda
517 1521 592 1556 vita
620 1527 743 1568 potest
770 1533 861 1563 esse,
892 1534 912 1556 a
932 1534 1006 1568 qua
1033 1521 1130 1557 absit
1154 1521 1363 1569 prudentia,

185 1575 282 1610 absit
314 1574 544 1610 moderatio?
610 1574 670 1609 Ex
702 1586 776 1621 quo
807 1574 1059 1622 Sardanapali,
1092 1574 1365 1622 opulentissimi

184 1628 305 1676 Syriae
324 1628 432 1676 regis,
451 1640 547 1663 error
566 1628 790 1676 agnoscitur,
804 1627 868 1674 qui
888 1627 1001 1663 incidi
1016 1627 1129 1675 jussit
1143 1627 1181 1663 in
1201 1628 1335 1664 busto:

354 1712 435 1742 Haec
451 1712 566 1749 habeo,
581 1721 654 1750 qua>
670 1711 721 1740 edi
738 1720 876 1750 quaeque
893 1714 1079 1741 exsaturata
1094 1711 1193 1742 libido

354 1755 474 1785 Hausit
488 1765 497 1793 ;
519 1758 552 1784 at
566 1754 621 1784 illa
634 1755 745 1794 jacent
759 1754 862 1784 multa
878 1758 909 1783 et
926 1754 1082 1793 praeclara
1098 1754 1222 1786 relicta.

185 1841 326 1880 “Quid
352 1841 464 1883 aliud,
492 1840 617 1888 inquit
636 1839 868 1883 Aristoteles,
888 1839 926 1874 in
945 1840 1065 1882 bovis,
1088 1852 1163 1876 non
1189 1840 1229 1876 in
1254 1841 1362 1888 regis,

184 1894 352 1943 sepulcro
387 1893 631 1929 inscriberes?
690 1892 785 1928 Haec
814 1892 947 1928 habere
978 1905 1016 1928 se
1045 1901 1233 1929 mortuum
1262 1894 1362 1936 dicit,

186 1961 274 1997 quae
295 1960 339 1983 ne
362 1948 467 1983 vivus
486 1947 636 1994 quidem
657 1946 797 1981 diutius
815 1946 987 1990 habebat,
1004 1959 1117 1994 quam
1136 1946 1363 1984 fruebatur.'’

110 2010 167 2038 102
241 2002 318 2038 Cur
346 2000 459 2049 igitur
487 1999 627 2035 divitiae
657 1999 940 2035 desiderentur?
974 2007 1039 2035 aut
1074 2000 1137 2035 ubi
1166 2006 1363 2048 paupertas

186 2055 312 2091 beatos
332 2066 410 2089 esse
430 2065 504 2088 non
525 2052 640 2087 sinit?
690 2053 826 2101 SigniS‚
848 2053 967 2095 credo,
989 2052 1137 2095 tabulis,
1158 2052 1270 2090 ludis.
1322 2053 1363 2088 Si

186 2108 270 2156 quis
300 2113 366 2150 est,
397 2106 462 2154 qui
490 2105 546 2140 his
575 2105 788 2148 delectetur,
818 2118 941 2141 nonne
975 2105 1104 2141 melius
1138 2112 1267 2141 tenues
1294 2104 1362 2141 ho-

185 2161 303 2196 mines
321 2160 504 2202 fruuntur,
524 2171 636 2206 quam
656 2158 721 2202 illi,
743 2159 807 2206 qui
827 2158 883 2194 his
905 2158 1125 2194 abundant?
1174 2158 1244 2194 Est
1264 2158 1361 2194 enim

186 2226 311 2248 earum
331 2225 452 2249 rerum
473 2212 639 2247 omnium
660 2210 695 2245 in
718 2219 842 2247 nostra
861 2212 951 2247 urbe
980 2223 1126 2246 summa
1154 2211 1192 2246 in
1214 2211 1362 2258 publico

186 2266 303 2313 copia.
361 2266 460 2304 Quae
480 2265 546 2313 qui
564 2264 697 2312 privati
717 2264 867 2307 habent,
895 2277 962 2300 nec
984 2270 1058 2299 tam
1078 2263 1195 2299 multa
1217 2270 1254 2299 et
1282 2277 1362 2301 raro

186 2319 326 2361 vident,
349 2331 464 2366 quum
485 2319 521 2354 in
542 2330 609 2354 sua
632 2329 716 2352 rura
736 2324 940 2362 venerunt;
973 2329 1065 2364 quos
1086 2324 1208 2352 tamen
1228 2318 1362 2365 pungit

187 2371 340 2420 aliquid,
371 2384 501 2419 quum,
534 2371 598 2407 illa
632 2369 729 2406 unde
756 2370 927 2414 habeant,
961 2369 1211 2406 recordantur.
1269 2369 1360 2407 Dies
