<?xml version="1.0" encoding="UTF-8"?>
<!DOCTYPE html PUBLIC "-//W3C//DTD XHTML 1.0 Transitional//EN"
    "http://www.w3.org/TR/xhtml1/DTD/xhtml1-transitional.dtd">
<html xmlns="http://www.w3.org/1999/xhtml" xml:lang="en" lang="en">
 <head>
  <title>
</title>
<meta http-equiv="Content-Type" content="text/html;charset=utf-8" />
  <meta name='ocr-system' content='tesseract 3.04.00' />
  <meta name='ocr-capabilities' content='ocr_page ocr_carea ocr_par ocr_line ocrx_word'/>
</head>
<body>
  <div class='ocr_page' id='page_1' title='image "./tusculandisputat00ciceuoft_0051.png"; bbox 0 0 1471 2585; ppageno 0'>
   <div class='ocr_carea' id='block_1_1' title="bbox 78 86 1252 138">
    <p class='ocr_par' dir='ltr' id='par_1_1' title="bbox 78 86 1252 138">
     <span class='ocr_line' id='line_1_1' title="bbox 78 86 1252 138; baseline 0.006 -19"><span class='ocrx_word' id='word_1_1' title='bbox 78 86 216 138; x_wconf 83' lang='lat'>6--9‚]</span> <span class='ocrx_word' id='word_1_2' title='bbox 454 98 557 123; x_wconf 79' lang='lat' dir='ltr'>BOOK</span> <span class='ocrx_word' id='word_1_3' title='bbox 587 97 630 122; x_wconf 86' lang='lat'>11.</span> <span class='ocrx_word' id='word_1_4' title='bbox 662 98 778 123; x_wconf 81' lang='lat' dir='ltr'><strong>CHAP.</strong></span> <span class='ocrx_word' id='word_1_5' title='bbox 802 88 837 131; x_wconf 83' lang='lat'>2,</span> <span class='ocrx_word' id='word_1_6' title='bbox 860 88 896 123; x_wconf 89' lang='lat'>3.</span> <span class='ocrx_word' id='word_1_7' title='bbox 1203 91 1252 126; x_wconf 82' lang='lat'>43</span> 
     </span>
    </p>
   </div>
   <div class='ocr_carea' id='block_1_2' title="bbox 54 192 1290 2420">
    <p class='ocr_par' dir='ltr' id='par_1_2' title="bbox 54 192 1254 404">
     <span class='ocr_line' id='line_1_2' title="bbox 78 192 1250 244; baseline -0.001 -12"><span class='ocrx_word' id='word_1_8' title='bbox 78 196 233 244; x_wconf 91' lang='lat' dir='ltr'>probare</span> <span class='ocrx_word' id='word_1_9' title='bbox 248 193 401 236; x_wconf 85' lang='lat' dir='ltr'>soleant,</span> <span class='ocrx_word' id='word_1_10' title='bbox 414 205 458 229; x_wconf 86' lang='lat' dir='ltr'>ea</span> <span class='ocrx_word' id='word_1_11' title='bbox 473 198 652 241; x_wconf 85' lang='lat' dir='ltr'>cogantur</span> <span class='ocrx_word' id='word_1_12' title='bbox 663 192 882 229; x_wconf 83' lang='lat' dir='ltr'>constantiae</span> <span class='ocrx_word' id='word_1_13' title='bbox 895 205 1022 229; x_wconf 86' lang='lat' dir='ltr'>caussa</span> <span class='ocrx_word' id='word_1_14' title='bbox 1035 193 1228 230; x_wconf 75' lang='lat' dir='ltr'>defendere</span> <span class='ocrx_word' id='word_1_15' title='bbox 1241 210 1250 232; x_wconf 88' lang='lat'>:</span> 
     </span>
     <span class='ocr_line' id='line_1_3' title="bbox 78 246 1253 295; baseline -0.001 -10"><span class='ocrx_word' id='word_1_16' title='bbox 78 261 160 292; x_wconf 92' lang='lat' dir='ltr'>nos,</span> <span class='ocrx_word' id='word_1_17' title='bbox 186 247 250 295; x_wconf 93' lang='lat' dir='ltr'>qui</span> <span class='ocrx_word' id='word_1_18' title='bbox 280 246 470 295; x_wconf 87' lang='lat' dir='ltr'>sequimur</span> <span class='ocrx_word' id='word_1_19' title='bbox 496 246 702 294; x_wconf 84' lang='lat' dir='ltr'>probabilia</span> <span class='ocrx_word' id='word_1_20' title='bbox 730 259 798 282; x_wconf 90' lang='lat' dir='ltr'>nec</span> <span class='ocrx_word' id='word_1_21' title='bbox 827 246 924 282; x_wconf 88' lang='lat' dir='ltr'>ultra</span> <span class='ocrx_word' id='word_1_22' title='bbox 943 259 1053 294; x_wconf 85' lang='lat' dir='ltr'>quam</span> <span class='ocrx_word' id='word_1_23' title='bbox 1083 247 1131 292; x_wconf 92' lang='lat' dir='ltr'>id,</span> <span class='ocrx_word' id='word_1_24' title='bbox 1155 249 1253 295; x_wconf 87' lang='lat' dir='ltr'>quod</span> 
     </span>
     <span class='ocr_line' id='line_1_4' title="bbox 54 299 1254 348; baseline 0 -11"><span class='ocrx_word' id='word_1_25' title='bbox 54 303 58 305; x_wconf 66' lang='grc'><strong><em>’</em></strong></span> <span class='ocrx_word' id='word_1_26' title='bbox 79 302 154 338; x_wconf 89' lang='lat' dir='ltr'>veri</span> <span class='ocrx_word' id='word_1_27' title='bbox 173 300 293 336; x_wconf 90' lang='lat' dir='ltr'>simile</span> <span class='ocrx_word' id='word_1_28' title='bbox 314 299 482 343; x_wconf 87' lang='lat' dir='ltr'>occurrit,</span> <span class='ocrx_word' id='word_1_29' title='bbox 504 299 672 347; x_wconf 86' lang='lat' dir='ltr'>progredi</span> <span class='ocrx_word' id='word_1_30' title='bbox 690 312 901 348; x_wconf 90' lang='lat' dir='ltr'>possumus,</span> <span class='ocrx_word' id='word_1_31' title='bbox 923 306 959 335; x_wconf 91' lang='lat' dir='ltr'>et</span> <span class='ocrx_word' id='word_1_32' title='bbox 985 300 1150 337; x_wconf 84' lang='lat' dir='ltr'>refellere</span> <span class='ocrx_word' id='word_1_33' title='bbox 1176 301 1254 337; x_wconf 90' lang='lat' dir='ltr'>sine</span> 
     </span>
     <span class='ocr_line' id='line_1_5' title="bbox 77 352 1068 404; baseline 0 -14"><span class='ocrx_word' id='word_1_34' title='bbox 77 354 277 404; x_wconf 82' lang='lat' dir='ltr'>pertinacia</span> <span class='ocrx_word' id='word_1_35' title='bbox 292 359 329 389; x_wconf 86' lang='lat' dir='ltr'>et</span> <span class='ocrx_word' id='word_1_36' title='bbox 348 352 464 389; x_wconf 83' lang='lat' dir='ltr'>refelli</span> <span class='ocrx_word' id='word_1_37' title='bbox 484 353 562 389; x_wconf 90' lang='lat' dir='ltr'>sine</span> <span class='ocrx_word' id='word_1_38' title='bbox 583 353 772 388; x_wconf 86' lang='lat' dir='ltr'>iracundia</span> <span class='ocrx_word' id='word_1_39' title='bbox 791 353 908 401; x_wconf 87' lang='lat' dir='ltr'>parati</span> <span class='ocrx_word' id='word_1_40' title='bbox 927 366 1068 390; x_wconf 90' lang='lat' dir='ltr'>sumus.</span> 
     </span>
    </p>

    <p class='ocr_par' dir='ltr' id='par_1_3' title="bbox 75 406 1290 828">
     <span class='ocr_line' id='line_1_6' title="bbox 132 406 1290 449; baseline 0.001 -6"><span class='ocrx_word' id='word_1_41' title='bbox 132 407 276 446; x_wconf 84' lang='lat' dir='ltr'>Quodsi</span> <span class='ocrx_word' id='word_1_42' title='bbox 310 407 391 442; x_wconf 89' lang='lat' dir='ltr'>haec</span> <span class='ocrx_word' id='word_1_43' title='bbox 429 406 551 442; x_wconf 85' lang='lat' dir='ltr'>studia</span> <span class='ocrx_word' id='word_1_44' title='bbox 588 406 756 442; x_wconf 84' lang='lat' dir='ltr'>traducta</span> <span class='ocrx_word' id='word_1_45' title='bbox 793 414 901 442; x_wconf 86' lang='lat' dir='ltr'>erunt</span> <span class='ocrx_word' id='word_1_46' title='bbox 936 407 981 442; x_wconf 90' lang='lat' dir='ltr'>ad</span> <span class='ocrx_word' id='word_1_47' title='bbox 1013 413 1171 449; x_wconf 86' lang='lat' dir='ltr'>nostros,</span> <span class='ocrx_word' id='word_1_48' title='bbox 1209 415 1290 444; x_wconf 90' lang='lat' dir='ltr'>ne6</span> 
     </span>
     <span class='ocr_line' id='line_1_7' title="bbox 77 459 1254 507; baseline 0 -11"><span class='ocrx_word' id='word_1_49' title='bbox 77 459 310 496; x_wconf 88' lang='lat' dir='ltr'>bibliothecis</span> <span class='ocrx_word' id='word_1_50' title='bbox 332 460 481 507; x_wconf 86' lang='lat' dir='ltr'>quidem</span> <span class='ocrx_word' id='word_1_51' title='bbox 503 459 644 495; x_wconf 90' lang='lat' dir='ltr'>Graecis</span> <span class='ocrx_word' id='word_1_52' title='bbox 665 459 868 507; x_wconf 85' lang='lat' dir='ltr'>egebimus,</span> <span class='ocrx_word' id='word_1_53' title='bbox 898 459 935 495; x_wconf 89' lang='lat' dir='ltr'>in</span> <span class='ocrx_word' id='word_1_54' title='bbox 962 460 1100 507; x_wconf 90' lang='lat' dir='ltr'>quibus</span> <span class='ocrx_word' id='word_1_55' title='bbox 1127 460 1254 496; x_wconf 88' lang='lat' dir='ltr'>multi-</span> 
     </span>
     <span class='ocr_line' id='line_1_8' title="bbox 78 513 1253 561; baseline 0 -11"><span class='ocrx_word' id='word_1_56' title='bbox 78 515 168 550; x_wconf 92' lang='lat' dir='ltr'>tudo</span> <span class='ocrx_word' id='word_1_57' title='bbox 186 513 333 549; x_wconf 91' lang='lat' dir='ltr'>infinita</span> <span class='ocrx_word' id='word_1_58' title='bbox 361 513 540 549; x_wconf 87' lang='lat' dir='ltr'>librorum</span> <span class='ocrx_word' id='word_1_59' title='bbox 564 519 713 561; x_wconf 90' lang='lat' dir='ltr'>propter</span> <span class='ocrx_word' id='word_1_60' title='bbox 732 525 858 548; x_wconf 87' lang='lat' dir='ltr'>eorum</span> <span class='ocrx_word' id='word_1_61' title='bbox 888 520 944 548; x_wconf 86' lang='lat' dir='ltr'>est</span> <span class='ocrx_word' id='word_1_62' title='bbox 962 514 1253 558; x_wconf 84' lang='lat' dir='ltr'>multitudinem,</span> 
     </span>
     <span class='ocr_line' id='line_1_9' title="bbox 77 566 1255 615; baseline 0 -12"><span class='ocrx_word' id='word_1_63' title='bbox 77 568 141 615; x_wconf 92' lang='lat' dir='ltr'>qui</span> <span class='ocrx_word' id='word_1_64' title='bbox 160 567 385 615; x_wconf 82' lang='lat' dir='ltr'>scripserunt</span> <span class='ocrx_word' id='word_1_65' title='bbox 401 581 409 611; x_wconf 89' lang='grc'>;</span> <span class='ocrx_word' id='word_1_66' title='bbox 440 567 568 602; x_wconf 91' lang='lat' dir='ltr'>eadem</span> <span class='ocrx_word' id='word_1_67' title='bbox 588 566 686 602; x_wconf 91' lang='lat' dir='ltr'>enim</span> <span class='ocrx_word' id='word_1_68' title='bbox 703 566 878 602; x_wconf 90' lang='lat' dir='ltr'>dicuntur</span> <span class='ocrx_word' id='word_1_69' title='bbox 893 578 913 601; x_wconf 92' lang='lat' dir='ltr'>a</span> <span class='ocrx_word' id='word_1_70' title='bbox 931 567 1060 602; x_wconf 85' lang='lat' dir='ltr'>multis</span> <span class='ocrx_word' id='word_1_71' title='bbox 1077 581 1085 610; x_wconf 85' lang='lat'>3</span> <span class='ocrx_word' id='word_1_72' title='bbox 1113 580 1160 603; x_wconf 87' lang='lat' dir='ltr'>ex</span> <span class='ocrx_word' id='word_1_73' title='bbox 1182 580 1255 615; x_wconf 93' lang='lat' dir='ltr'>quo</span> 
     </span>
     <span class='ocr_line' id='line_1_10' title="bbox 75 619 1255 665; baseline 0 -9"><span class='ocrx_word' id='word_1_74' title='bbox 75 620 180 657; x_wconf 91' lang='lat' dir='ltr'>libris</span> <span class='ocrx_word' id='word_1_75' title='bbox 199 621 321 656; x_wconf 85' lang='lat' dir='ltr'>omnia</span> <span class='ocrx_word' id='word_1_76' title='bbox 340 619 572 656; x_wconf 86' lang='lat' dir='ltr'>referserunt.</span> <span class='ocrx_word' id='word_1_77' title='bbox 630 619 742 658; x_wconf 80' lang='lat' dir='ltr'>Quod</span> <span class='ocrx_word' id='word_1_78' title='bbox 763 619 903 655; x_wconf 87' lang='lat' dir='ltr'>accidet</span> <span class='ocrx_word' id='word_1_79' title='bbox 922 619 1032 655; x_wconf 84' lang='lat' dir='ltr'>etiam</span> <span class='ocrx_word' id='word_1_80' title='bbox 1052 621 1198 665; x_wconf 90' lang='lat' dir='ltr'>nostris,</span> <span class='ocrx_word' id='word_1_81' title='bbox 1224 621 1255 656; x_wconf 91' lang='lat' dir='ltr'>si</span> 
     </span>
     <span class='ocr_line' id='line_1_11' title="bbox 76 673 1254 722; baseline -0.001 -12"><span class='ocrx_word' id='word_1_82' title='bbox 76 675 123 710; x_wconf 92' lang='lat' dir='ltr'>ad</span> <span class='ocrx_word' id='word_1_83' title='bbox 151 674 231 710; x_wconf 86' lang='lat' dir='ltr'>haec</span> <span class='ocrx_word' id='word_1_84' title='bbox 261 673 382 709; x_wconf 87' lang='lat' dir='ltr'>studia</span> <span class='ocrx_word' id='word_1_85' title='bbox 409 673 533 721; x_wconf 90' lang='lat' dir='ltr'>plures</span> <span class='ocrx_word' id='word_1_86' title='bbox 562 673 824 709; x_wconf 84' lang='lat' dir='ltr'>confluxerint.</span> <span class='ocrx_word' id='word_1_87' title='bbox 883 673 957 708; x_wconf 92' lang='lat' dir='ltr'>Sed</span> <span class='ocrx_word' id='word_1_88' title='bbox 977 686 1052 716; x_wconf 89' lang='lat' dir='ltr'>eos,</span> <span class='ocrx_word' id='word_1_89' title='bbox 1075 674 1104 709; x_wconf 88' lang='lat' dir='ltr'>si</span> <span class='ocrx_word' id='word_1_90' title='bbox 1124 686 1254 722; x_wconf 90' lang='lat' dir='ltr'>possu-</span> 
     </span>
     <span class='ocr_line' id='line_1_12' title="bbox 75 726 1255 774; baseline 0 -11"><span class='ocrx_word' id='word_1_91' title='bbox 75 740 172 771; x_wconf 88' lang='lat' dir='ltr'>mus,</span> <span class='ocrx_word' id='word_1_92' title='bbox 211 728 429 769; x_wconf 85' lang='lat' dir='ltr'>excitemus,</span> <span class='ocrx_word' id='word_1_93' title='bbox 458 726 524 774; x_wconf 91' lang='lat' dir='ltr'>qui</span> <span class='ocrx_word' id='word_1_94' title='bbox 555 726 755 762; x_wconf 85' lang='lat' dir='ltr'>liberaliter</span> <span class='ocrx_word' id='word_1_95' title='bbox 784 726 917 762; x_wconf 89' lang='lat' dir='ltr'>eruditi</span> <span class='ocrx_word' id='word_1_96' title='bbox 950 726 1115 762; x_wconf 85' lang='lat' dir='ltr'>adhibita</span> <span class='ocrx_word' id='word_1_97' title='bbox 1145 727 1255 763; x_wconf 88' lang='lat' dir='ltr'>etiarn</span> 
     </span>
     <span class='ocr_line' id='line_1_13' title="bbox 77 779 1112 828; baseline -0.001 -11"><span class='ocrx_word' id='word_1_98' title='bbox 77 780 280 817; x_wconf 88' lang='lat' dir='ltr'>disserendi</span> <span class='ocrx_word' id='word_1_99' title='bbox 297 780 480 828; x_wconf 87' lang='lat' dir='ltr'>elegantia</span> <span class='ocrx_word' id='word_1_100' title='bbox 499 779 640 815; x_wconf 90' lang='lat' dir='ltr'>ratione</span> <span class='ocrx_word' id='word_1_101' title='bbox 660 785 696 815; x_wconf 82' lang='lat' dir='ltr'>et</span> <span class='ocrx_word' id='word_1_102' title='bbox 716 779 776 814; x_wconf 86' lang='lat' dir='ltr'>via</span> <span class='ocrx_word' id='word_1_103' title='bbox 791 779 1112 827; x_wconf 86' lang='lat' dir='ltr'>philosophantur.</span> 
     </span>
    </p>

    <p class='ocr_par' dir='ltr' id='par_1_4' title="bbox 76 833 1290 1888">
     <span class='ocr_line' id='line_1_14' title="bbox 130 833 1254 881; baseline -0.002 -11"><span class='ocrx_word' id='word_1_104' title='bbox 130 834 209 870; x_wconf 92' lang='lat' dir='ltr'>III.</span> <span class='ocrx_word' id='word_1_105' title='bbox 240 834 311 869; x_wconf 87' lang='lat' dir='ltr'>Est</span> <span class='ocrx_word' id='word_1_106' title='bbox 338 833 435 868; x_wconf 85' lang='lat' dir='ltr'>enirn</span> <span class='ocrx_word' id='word_1_107' title='bbox 462 833 649 880; x_wconf 90' lang='lat' dir='ltr'>quoddam</span> <span class='ocrx_word' id='word_1_108' title='bbox 677 845 796 880; x_wconf 89' lang='lat' dir='ltr'>genus</span> <span class='ocrx_word' id='word_1_109' title='bbox 825 845 963 877; x_wconf 90' lang='lat' dir='ltr'>eorum,</span> <span class='ocrx_word' id='word_1_110' title='bbox 985 833 1049 880; x_wconf 91' lang='lat' dir='ltr'>qui</span> <span class='ocrx_word' id='word_1_111' title='bbox 1070 846 1108 869; x_wconf 89' lang='lat' dir='ltr'>se</span> <span class='ocrx_word' id='word_1_112' title='bbox 1134 833 1254 881; x_wconf 87' lang='lat' dir='ltr'>pbilo-</span> 
     </span>
     <span class='ocr_line' id='line_1_15' title="bbox 78 886 1256 935; baseline -0.001 -12"><span class='ocrx_word' id='word_1_113' title='bbox 78 887 213 935; x_wconf 87' lang='lat' dir='ltr'>sophos</span> <span class='ocrx_word' id='word_1_114' title='bbox 243 886 419 935; x_wconf 87' lang='lat' dir='ltr'>appellari</span> <span class='ocrx_word' id='word_1_115' title='bbox 451 887 594 930; x_wconf 82' lang='lat' dir='ltr'>volunt,</span> <span class='ocrx_word' id='word_1_116' title='bbox 626 898 783 934; x_wconf 86' lang='lat' dir='ltr'>quorum</span> <span class='ocrx_word' id='word_1_117' title='bbox 813 886 987 922; x_wconf 90' lang='lat' dir='ltr'>dicuntur</span> <span class='ocrx_word' id='word_1_118' title='bbox 1022 899 1100 922; x_wconf 89' lang='lat' dir='ltr'>esse</span> <span class='ocrx_word' id='word_1_119' title='bbox 1129 887 1256 922; x_wconf 90' lang='lat' dir='ltr'>Latini</span> 
     </span>
     <span class='ocr_line' id='line_1_16' title="bbox 77 939 1255 988; baseline 0 -12"><span class='ocrx_word' id='word_1_120' title='bbox 77 953 164 976; x_wconf 90' lang='lat' dir='ltr'>sane</span> <span class='ocrx_word' id='word_1_121' title='bbox 191 941 302 976; x_wconf 89' lang='lat' dir='ltr'>multi</span> <span class='ocrx_word' id='word_1_122' title='bbox 330 939 427 983; x_wconf 87' lang='lat' dir='ltr'>libri,</span> <span class='ocrx_word' id='word_1_123' title='bbox 453 951 546 987; x_wconf 91' lang='lat' dir='ltr'>quos</span> <span class='ocrx_word' id='word_1_124' title='bbox 575 952 651 975; x_wconf 93' lang='grc'>11011</span> <span class='ocrx_word' id='word_1_125' title='bbox 679 945 874 976; x_wconf 89' lang='lat' dir='ltr'>contemno</span> <span class='ocrx_word' id='word_1_126' title='bbox 904 939 1088 986; x_wconf 88' lang='lat' dir='ltr'>equidem,</span> <span class='ocrx_word' id='word_1_127' title='bbox 1117 940 1255 988; x_wconf 88' lang='lat' dir='ltr'>quippe</span> 
     </span>
     <span class='ocr_line' id='line_1_17' title="bbox 77 992 1254 1042; baseline -0.001 -12"><span class='ocrx_word' id='word_1_128' title='bbox 77 1006 171 1042; x_wconf 92' lang='lat' dir='ltr'>quos</span> <span class='ocrx_word' id='word_1_129' title='bbox 200 1005 405 1041; x_wconf 85' lang='lat' dir='ltr'>numquam</span> <span class='ocrx_word' id='word_1_130' title='bbox 433 992 609 1041; x_wconf 89' lang='lat' dir='ltr'>legerim;</span> <span class='ocrx_word' id='word_1_131' title='bbox 642 993 706 1029; x_wconf 90' lang='lat' dir='ltr'>sed</span> <span class='ocrx_word' id='word_1_132' title='bbox 735 993 822 1041; x_wconf 88' lang='lat' dir='ltr'>quia</span> <span class='ocrx_word' id='word_1_133' title='bbox 850 993 1070 1040; x_wconf 90' lang='lat' dir='ltr'>profitentur</span> <span class='ocrx_word' id='word_1_134' title='bbox 1088 993 1159 1041; x_wconf 90' lang='lat' dir='ltr'>ipsi</span> <span class='ocrx_word' id='word_1_135' title='bbox 1187 993 1254 1038; x_wconf 88' lang='lat' dir='ltr'>illi,</span> 
     </span>
     <span class='ocr_line' id='line_1_18' title="bbox 77 1046 1255 1094; baseline 0.001 -12"><span class='ocrx_word' id='word_1_136' title='bbox 77 1046 143 1094; x_wconf 93' lang='lat' dir='ltr'>qui</span> <span class='ocrx_word' id='word_1_137' title='bbox 174 1059 236 1083; x_wconf 88' lang='lat' dir='ltr'>eos</span> <span class='ocrx_word' id='word_1_138' title='bbox 267 1046 444 1089; x_wconf 89' lang='lat' dir='ltr'>scribunt,</span> <span class='ocrx_word' id='word_1_139' title='bbox 480 1059 517 1082; x_wconf 91' lang='lat' dir='ltr'>se</span> <span class='ocrx_word' id='word_1_140' title='bbox 547 1058 670 1094; x_wconf 91' lang='lat' dir='ltr'>neque</span> <span class='ocrx_word' id='word_1_141' title='bbox 701 1046 873 1082; x_wconf 88' lang='lat' dir='ltr'>distincte</span> <span class='ocrx_word' id='word_1_142' title='bbox 904 1059 1025 1094; x_wconf 92' lang='lat' dir='ltr'>neque</span> <span class='ocrx_word' id='word_1_143' title='bbox 1059 1047 1255 1083; x_wconf 88' lang='lat' dir='ltr'>distribute</span> 
     </span>
     <span class='ocr_line' id='line_1_19' title="bbox 77 1099 1255 1147; baseline 0 -11"><span class='ocrx_word' id='word_1_144' title='bbox 77 1112 199 1147; x_wconf 92' lang='lat' dir='ltr'>neque</span> <span class='ocrx_word' id='word_1_145' title='bbox 231 1099 416 1147; x_wconf 85' lang='lat' dir='ltr'>eleganter</span> <span class='ocrx_word' id='word_1_146' title='bbox 443 1111 563 1146; x_wconf 92' lang='lat' dir='ltr'>neque</span> <span class='ocrx_word' id='word_1_147' title='bbox 591 1105 717 1135; x_wconf 88' lang='lat' dir='ltr'>ornate</span> <span class='ocrx_word' id='word_1_148' title='bbox 751 1099 918 1142; x_wconf 88' lang='lat' dir='ltr'>scribere,</span> <span class='ocrx_word' id='word_1_149' title='bbox 948 1100 1145 1136; x_wconf 87' lang='lat' dir='ltr'>lectionem</span> <span class='ocrx_word' id='word_1_150' title='bbox 1176 1100 1255 1136; x_wconf 90' lang='lat' dir='ltr'>sine</span> 
     </span>
     <span class='ocr_line' id='line_1_20' title="bbox 78 1151 1255 1201; baseline 0.001 -13"><span class='ocrx_word' id='word_1_151' title='bbox 78 1153 155 1189; x_wconf 89' lang='lat' dir='ltr'>ulla</span> <span class='ocrx_word' id='word_1_152' title='bbox 181 1152 426 1189; x_wconf 84' lang='lat' dir='ltr'>delectatione</span> <span class='ocrx_word' id='word_1_153' title='bbox 456 1152 616 1200; x_wconf 84' lang='lat' dir='ltr'>negligo.</span> <span class='ocrx_word' id='word_1_154' title='bbox 687 1151 790 1190; x_wconf 81' lang='lat' dir='ltr'>Quid</span> <span class='ocrx_word' id='word_1_155' title='bbox 819 1152 916 1188; x_wconf 89' lang='lat' dir='ltr'>enim</span> <span class='ocrx_word' id='word_1_156' title='bbox 946 1153 1069 1188; x_wconf 87' lang='lat' dir='ltr'>dicant</span> <span class='ocrx_word' id='word_1_157' title='bbox 1100 1160 1137 1189; x_wconf 92' lang='lat' dir='ltr'>et</span> <span class='ocrx_word' id='word_1_158' title='bbox 1166 1153 1255 1201; x_wconf 87' lang='lat' dir='ltr'>quid</span> 
     </span>
     <span class='ocr_line' id='line_1_21' title="bbox 78 1205 1254 1254; baseline 0 -12"><span class='ocrx_word' id='word_1_159' title='bbox 78 1206 239 1242; x_wconf 83' lang='lat' dir='ltr'>sentiant</span> <span class='ocrx_word' id='word_1_160' title='bbox 256 1206 293 1249; x_wconf 89' lang='lat' dir='ltr'>ii,</span> <span class='ocrx_word' id='word_1_161' title='bbox 315 1205 380 1254; x_wconf 92' lang='lat' dir='ltr'>qui</span> <span class='ocrx_word' id='word_1_162' title='bbox 400 1212 486 1241; x_wconf 91' lang='lat' dir='ltr'>sunt</span> <span class='ocrx_word' id='word_1_163' title='bbox 515 1205 559 1240; x_wconf 94' lang='lat' dir='ltr'>ab</span> <span class='ocrx_word' id='word_1_164' title='bbox 587 1217 630 1240; x_wconf 88' lang='lat' dir='ltr'>ea</span> <span class='ocrx_word' id='word_1_165' title='bbox 652 1205 858 1253; x_wconf 86' lang='lat' dir='ltr'>disciplina,</span> <span class='ocrx_word' id='word_1_166' title='bbox 888 1217 996 1241; x_wconf 88' lang='lat' dir='ltr'>nemo</span> <span class='ocrx_word' id='word_1_167' title='bbox 1024 1206 1254 1242; x_wconf 88' lang='lat' dir='ltr'>mediocriter</span> 
     </span>
     <span class='ocr_line' id='line_1_22' title="bbox 78 1258 1253 1307; baseline 0 -12"><span class='ocrx_word' id='word_1_168' title='bbox 78 1259 226 1307; x_wconf 89' lang='lat' dir='ltr'>quidem</span> <span class='ocrx_word' id='word_1_169' title='bbox 248 1259 378 1295; x_wconf 89' lang='lat' dir='ltr'>doctus</span> <span class='ocrx_word' id='word_1_170' title='bbox 407 1258 565 1306; x_wconf 87' lang='lat' dir='ltr'>ignorat.</span> <span class='ocrx_word' id='word_1_171' title='bbox 606 1259 729 1297; x_wconf 82' lang='lat' dir='ltr'>Quam</span> <span class='ocrx_word' id='word_1_172' title='bbox 751 1259 797 1294; x_wconf 93' lang='lat' dir='ltr'>ob</span> <span class='ocrx_word' id='word_1_173' title='bbox 816 1271 892 1294; x_wconf 90' lang='lat' dir='ltr'>rem</span> <span class='ocrx_word' id='word_1_174' title='bbox 913 1259 1100 1306; x_wconf 90' lang='lat' dir='ltr'>quoniam,</span> <span class='ocrx_word' id='word_1_175' title='bbox 1121 1272 1253 1307; x_wconf 90' lang='lat' dir='ltr'>quem-</span> 
     </span>
     <span class='ocr_line' id='line_1_23' title="bbox 78 1311 1253 1360; baseline 0 -12"><span class='ocrx_word' id='word_1_176' title='bbox 78 1312 277 1349; x_wconf 90' lang='lat' dir='ltr'>admodum</span> <span class='ocrx_word' id='word_1_177' title='bbox 307 1312 442 1355; x_wconf 88' lang='lat' dir='ltr'>dicant,</span> <span class='ocrx_word' id='word_1_178' title='bbox 476 1311 548 1359; x_wconf 93' lang='lat' dir='ltr'>ipsi</span> <span class='ocrx_word' id='word_1_179' title='bbox 574 1324 650 1347; x_wconf 92' lang='lat' dir='ltr'>non</span> <span class='ocrx_word' id='word_1_180' title='bbox 678 1311 869 1348; x_wconf 89' lang='lat' dir='ltr'>laborant:</span> <span class='ocrx_word' id='word_1_181' title='bbox 900 1324 965 1347; x_wconf 88' lang='lat' dir='ltr'>cur</span> <span class='ocrx_word' id='word_1_182' title='bbox 993 1312 1138 1360; x_wconf 87' lang='lat' dir='ltr'>legendi</span> <span class='ocrx_word' id='word_1_183' title='bbox 1168 1313 1253 1358; x_wconf 89' lang='lat' dir='ltr'>sint,</span> 
     </span>
     <span class='ocr_line' id='line_1_24' title="bbox 77 1365 1290 1413; baseline 0 -11"><span class='ocrx_word' id='word_1_184' title='bbox 77 1366 148 1402; x_wconf 90' lang='lat' dir='ltr'>nisi</span> <span class='ocrx_word' id='word_1_185' title='bbox 167 1366 236 1413; x_wconf 90' lang='lat' dir='ltr'>ipsi</span> <span class='ocrx_word' id='word_1_186' title='bbox 257 1365 351 1401; x_wconf 87' lang='lat' dir='ltr'>inter</span> <span class='ocrx_word' id='word_1_187' title='bbox 371 1378 419 1408; x_wconf 90' lang='lat' dir='ltr'>se,</span> <span class='ocrx_word' id='word_1_188' title='bbox 442 1365 507 1412; x_wconf 91' lang='lat' dir='ltr'>qui</span> <span class='ocrx_word' id='word_1_189' title='bbox 525 1365 622 1400; x_wconf 90' lang='lat' dir='ltr'>idem</span> <span class='ocrx_word' id='word_1_190' title='bbox 644 1365 821 1408; x_wconf 88' lang='lat' dir='ltr'>sentiunt,</span> <span class='ocrx_word' id='word_1_191' title='bbox 841 1377 916 1400; x_wconf 91' lang='lat' dir='ltr'>non</span> <span class='ocrx_word' id='word_1_192' title='bbox 934 1365 1114 1413; x_wconf 82' lang='lat' dir='ltr'>intelligo.</span> <span class='ocrx_word' id='word_1_193' title='bbox 1156 1365 1252 1402; x_wconf 88' lang='lat' dir='ltr'>Nam</span> <span class='ocrx_word' id='word_1_194' title='bbox 1273 1376 1290 1405; x_wconf 81' lang='lat' dir='ltr'>S</span> 
     </span>
     <span class='ocr_line' id='line_1_25' title="bbox 77 1417 1255 1467; baseline 0 -12"><span class='ocrx_word' id='word_1_195' title='bbox 77 1427 119 1455; x_wconf 89' lang='lat' dir='ltr'>ut</span> <span class='ocrx_word' id='word_1_196' title='bbox 138 1419 333 1455; x_wconf 87' lang='lat' dir='ltr'>Platonem</span> <span class='ocrx_word' id='word_1_197' title='bbox 352 1418 590 1466; x_wconf 89' lang='lat' dir='ltr'>reliquosque</span> <span class='ocrx_word' id='word_1_198' title='bbox 614 1417 820 1454; x_wconf 88' lang='lat' dir='ltr'>Socraticos</span> <span class='ocrx_word' id='word_1_199' title='bbox 846 1424 883 1454; x_wconf 89' lang='lat' dir='ltr'>et</span> <span class='ocrx_word' id='word_1_200' title='bbox 902 1418 1073 1466; x_wconf 83' lang='lat' dir='ltr'>deinceps</span> <span class='ocrx_word' id='word_1_201' title='bbox 1094 1432 1167 1463; x_wconf 90' lang='lat' dir='ltr'>eos,</span> <span class='ocrx_word' id='word_1_202' title='bbox 1190 1420 1255 1467; x_wconf 93' lang='lat' dir='ltr'>qui</span> 
     </span>
     <span class='ocr_line' id='line_1_26' title="bbox 77 1471 1254 1520; baseline 0 -12"><span class='ocrx_word' id='word_1_203' title='bbox 77 1473 123 1508; x_wconf 90' lang='lat' dir='ltr'>ab</span> <span class='ocrx_word' id='word_1_204' title='bbox 142 1472 199 1508; x_wconf 91' lang='lat' dir='ltr'>his</span> <span class='ocrx_word' id='word_1_205' title='bbox 221 1471 372 1520; x_wconf 90' lang='lat' dir='ltr'>profecti</span> <span class='ocrx_word' id='word_1_206' title='bbox 386 1476 484 1514; x_wconf 89' lang='lat' dir='ltr'>sunt,</span> <span class='ocrx_word' id='word_1_207' title='bbox 502 1471 633 1519; x_wconf 85' lang='lat' dir='ltr'>legunt</span> <span class='ocrx_word' id='word_1_208' title='bbox 650 1484 789 1515; x_wconf 79' lang='lat' dir='ltr'>omne8‚</span> <span class='ocrx_word' id='word_1_209' title='bbox 804 1471 914 1507; x_wconf 88' lang='lat' dir='ltr'>etiam</span> <span class='ocrx_word' id='word_1_210' title='bbox 931 1472 994 1519; x_wconf 91' lang='lat' dir='ltr'>qui</span> <span class='ocrx_word' id='word_1_211' title='bbox 1013 1472 1077 1507; x_wconf 88' lang='lat' dir='ltr'>illa</span> <span class='ocrx_word' id='word_1_212' title='bbox 1096 1480 1162 1508; x_wconf 86' lang='lat' dir='ltr'>aut</span> <span class='ocrx_word' id='word_1_213' title='bbox 1179 1485 1254 1509; x_wconf 89' lang='lat' dir='ltr'>non</span> 
     </span>
     <span class='ocr_line' id='line_1_27' title="bbox 78 1524 1253 1574; baseline 0.001 -13"><span class='ocrx_word' id='word_1_214' title='bbox 78 1526 284 1574; x_wconf 90' lang='lat' dir='ltr'>approbant</span> <span class='ocrx_word' id='word_1_215' title='bbox 296 1532 360 1560; x_wconf 87' lang='lat' dir='ltr'>aut</span> <span class='ocrx_word' id='word_1_216' title='bbox 372 1537 445 1560; x_wconf 91' lang='lat' dir='ltr'>non</span> <span class='ocrx_word' id='word_1_217' title='bbox 461 1524 728 1560; x_wconf 87' lang='lat' dir='ltr'>studiosissime</span> <span class='ocrx_word' id='word_1_218' title='bbox 745 1532 1025 1569; x_wconf 82' lang='lat' dir='ltr'>consectantur3</span> <span class='ocrx_word' id='word_1_219' title='bbox 1050 1526 1253 1573; x_wconf 87' lang='lat' dir='ltr'>Epicurum</span> 
     </span>
     <span class='ocr_line' id='line_1_28' title="bbox 78 1577 1253 1626; baseline 0.001 -12"><span class='ocrx_word' id='word_1_220' title='bbox 78 1586 203 1614; x_wconf 88' lang='lat' dir='ltr'>autem</span> <span class='ocrx_word' id='word_1_221' title='bbox 222 1585 259 1614; x_wconf 92' lang='lat' dir='ltr'>et</span> <span class='ocrx_word' id='word_1_222' title='bbox 278 1578 534 1614; x_wconf 88' lang='lat' dir='ltr'>Metrodorum</span> <span class='ocrx_word' id='word_1_223' title='bbox 551 1590 625 1613; x_wconf 93' lang='lat' dir='ltr'>non</span> <span class='ocrx_word' id='word_1_224' title='bbox 645 1577 719 1613; x_wconf 88' lang='lat' dir='ltr'>fere</span> <span class='ocrx_word' id='word_1_225' title='bbox 735 1585 870 1626; x_wconf 87' lang='lat' dir='ltr'>praeter</span> <span class='ocrx_word' id='word_1_226' title='bbox 890 1590 976 1614; x_wconf 91' lang='lat' dir='ltr'>suos</span> <span class='ocrx_word' id='word_1_227' title='bbox 997 1579 1195 1626; x_wconf 88' lang='lat' dir='ltr'>quisquam</span> <span class='ocrx_word' id='word_1_228' title='bbox 1214 1579 1253 1615; x_wconf 92' lang='lat' dir='ltr'>in</span> 
     </span>
     <span class='ocr_line' id='line_1_29' title="bbox 79 1631 1255 1680; baseline 0 -12"><span class='ocrx_word' id='word_1_229' title='bbox 79 1644 210 1668; x_wconf 90' lang='lat' dir='ltr'>manus</span> <span class='ocrx_word' id='word_1_230' title='bbox 241 1632 379 1667; x_wconf 86' lang='lat' dir='ltr'>sumit:</span> <span class='ocrx_word' id='word_1_231' title='bbox 419 1631 469 1666; x_wconf 91' lang='lat' dir='ltr'>sic</span> <span class='ocrx_word' id='word_1_232' title='bbox 493 1631 561 1667; x_wconf 90' lang='lat' dir='ltr'>hos</span> <span class='ocrx_word' id='word_1_233' title='bbox 590 1631 746 1667; x_wconf 87' lang='lat' dir='ltr'>Latinos</span> <span class='ocrx_word' id='word_1_234' title='bbox 772 1631 797 1666; x_wconf 90' lang='lat' dir='ltr'>ii</span> <span class='ocrx_word' id='word_1_235' title='bbox 830 1631 898 1666; x_wconf 91' lang='lat' dir='ltr'>soli</span> <span class='ocrx_word' id='word_1_236' title='bbox 923 1631 1064 1680; x_wconf 84' lang='lat' dir='ltr'>legunt,</span> <span class='ocrx_word' id='word_1_237' title='bbox 1094 1633 1159 1679; x_wconf 90' lang='lat' dir='ltr'>qui</span> <span class='ocrx_word' id='word_1_238' title='bbox 1190 1632 1255 1668; x_wconf 88' lang='lat' dir='ltr'>illa</span> 
     </span>
     <span class='ocr_line' id='line_1_30' title="bbox 77 1684 1252 1733; baseline 0 -12"><span class='ocrx_word' id='word_1_239' title='bbox 77 1692 174 1722; x_wconf 89' lang='lat' dir='ltr'>recte</span> <span class='ocrx_word' id='word_1_240' title='bbox 202 1685 273 1721; x_wconf 88' lang='lat' dir='ltr'>dici</span> <span class='ocrx_word' id='word_1_241' title='bbox 301 1690 447 1733; x_wconf 85' lang='lat' dir='ltr'>putant.</span> <span class='ocrx_word' id='word_1_242' title='bbox 505 1684 624 1720; x_wconf 87' lang='lat' dir='ltr'>Nobis</span> <span class='ocrx_word' id='word_1_243' title='bbox 652 1691 774 1720; x_wconf 86' lang='lat' dir='ltr'>autem</span> <span class='ocrx_word' id='word_1_244' title='bbox 804 1684 961 1727; x_wconf 81' lang='lat' dir='ltr'>videtur,</span> <span class='ocrx_word' id='word_1_245' title='bbox 986 1685 1164 1732; x_wconf 87' lang='lat' dir='ltr'>quicquid</span> <span class='ocrx_word' id='word_1_246' title='bbox 1189 1685 1252 1721; x_wconf 88' lang='lat' dir='ltr'>lit-</span> 
     </span>
     <span class='ocr_line' id='line_1_31' title="bbox 78 1737 1253 1782; baseline 0.001 -8"><span class='ocrx_word' id='word_1_247' title='bbox 78 1738 164 1774; x_wconf 88' lang='lat' dir='ltr'>teris</span> <span class='ocrx_word' id='word_1_248' title='bbox 200 1738 407 1782; x_wconf 90' lang='lat' dir='ltr'>mandetur,</span> <span class='ocrx_word' id='word_1_249' title='bbox 449 1737 484 1772; x_wconf 91' lang='lat' dir='ltr'>id</span> <span class='ocrx_word' id='word_1_250' title='bbox 524 1737 771 1773; x_wconf 89' lang='lat' dir='ltr'>commendari</span> <span class='ocrx_word' id='word_1_251' title='bbox 813 1737 980 1772; x_wconf 91' lang='lat' dir='ltr'>omnium</span> <span class='ocrx_word' id='word_1_252' title='bbox 1025 1738 1253 1775; x_wconf 89' lang='lat' dir='ltr'>eruditorum</span> 
     </span>
     <span class='ocr_line' id='line_1_32' title="bbox 76 1790 1252 1840; baseline 0.001 -13"><span class='ocrx_word' id='word_1_253' title='bbox 76 1791 227 1827; x_wconf 86' lang='lat' dir='ltr'>lectioni</span> <span class='ocrx_word' id='word_1_254' title='bbox 246 1792 384 1827; x_wconf 86' lang='lat' dir='ltr'>decere.</span> <span class='ocrx_word' id='word_1_255' title='bbox 440 1790 530 1833; x_wconf 92' lang='lat' dir='ltr'>Nec,</span> <span class='ocrx_word' id='word_1_256' title='bbox 553 1791 583 1826; x_wconf 91' lang='lat' dir='ltr'>si</span> <span class='ocrx_word' id='word_1_257' title='bbox 602 1791 640 1826; x_wconf 93' lang='lat' dir='ltr'>id</span> <span class='ocrx_word' id='word_1_258' title='bbox 666 1790 737 1838; x_wconf 84' lang='lat' dir='ltr'>ipsi</span> <span class='ocrx_word' id='word_1_259' title='bbox 764 1790 887 1825; x_wconf 90' lang='lat' dir='ltr'>minus</span> <span class='ocrx_word' id='word_1_260' title='bbox 917 1792 1091 1838; x_wconf 89' lang='lat' dir='ltr'>consequi</span> <span class='ocrx_word' id='word_1_261' title='bbox 1119 1804 1252 1840; x_wconf 91' lang='lat' dir='ltr'>possu-</span> 
     </span>
     <span class='ocr_line' id='line_1_33' title="bbox 77 1842 1134 1888; baseline 0 -7"><span class='ocrx_word' id='word_1_262' title='bbox 77 1857 174 1888; x_wconf 87' lang='lat' dir='ltr'>mus,</span> <span class='ocrx_word' id='word_1_263' title='bbox 194 1844 329 1880; x_wconf 88' lang='lat' dir='ltr'>idcirco</span> <span class='ocrx_word' id='word_1_264' title='bbox 349 1844 472 1879; x_wconf 88' lang='lat' dir='ltr'>minus</span> <span class='ocrx_word' id='word_1_265' title='bbox 490 1843 527 1879; x_wconf 90' lang='lat' dir='ltr'>id</span> <span class='ocrx_word' id='word_1_266' title='bbox 546 1844 597 1879; x_wconf 87' lang='lat' dir='ltr'>ita</span> <span class='ocrx_word' id='word_1_267' title='bbox 614 1842 824 1878; x_wconf 87' lang='lat' dir='ltr'>faciendum</span> <span class='ocrx_word' id='word_1_268' title='bbox 844 1856 922 1879; x_wconf 90' lang='lat' dir='ltr'>esse</span> <span class='ocrx_word' id='word_1_269' title='bbox 943 1845 1134 1881; x_wconf 89' lang='lat' dir='ltr'>sentimus.</span> 
     </span>
    </p>

    <p class='ocr_par' dir='ltr' id='par_1_5' title="bbox 78 1895 1289 2420">
     <span class='ocr_line' id='line_1_34' title="bbox 132 1895 1289 1946; baseline 0.003 -13"><span class='ocrx_word' id='word_1_270' title='bbox 132 1898 265 1945; x_wconf 88' lang='lat' dir='ltr'>Itaque</span> <span class='ocrx_word' id='word_1_271' title='bbox 302 1896 393 1933; x_wconf 86' lang='lat' dir='ltr'>mihi</span> <span class='ocrx_word' id='word_1_272' title='bbox 429 1909 573 1944; x_wconf 90' lang='lat' dir='ltr'>semper</span> <span class='ocrx_word' id='word_1_273' title='bbox 603 1895 930 1945; x_wconf 88' lang='lat' dir='ltr'>Peripateticorum</span> <span class='ocrx_word' id='word_1_274' title='bbox 963 1898 1251 1946; x_wconf 76' lang='lat' dir='ltr'>Academiaeque</span> <span class='ocrx_word' id='word_1_275' title='bbox 1271 1908 1289 1937; x_wconf 88' lang='lat'><strong>9</strong></span> 
     </span>
     <span class='ocr_line' id='line_1_35' title="bbox 79 1949 1251 1999; baseline 0.001 -12"><span class='ocrx_word' id='word_1_276' title='bbox 79 1951 308 1987; x_wconf 90' lang='lat' dir='ltr'>consuetudo</span> <span class='ocrx_word' id='word_1_277' title='bbox 324 1950 369 1985; x_wconf 93' lang='lat' dir='ltr'>de</span> <span class='ocrx_word' id='word_1_278' title='bbox 388 1950 561 1985; x_wconf 90' lang='lat' dir='ltr'>omnibus</span> <span class='ocrx_word' id='word_1_279' title='bbox 581 1950 690 1985; x_wconf 85' lang='lat' dir='ltr'>rebus</span> <span class='ocrx_word' id='word_1_280' title='bbox 709 1949 748 1985; x_wconf 92' lang='lat' dir='ltr'>in</span> <span class='ocrx_word' id='word_1_281' title='bbox 774 1951 972 1986; x_wconf 87' lang='lat' dir='ltr'>contrarias</span> <span class='ocrx_word' id='word_1_282' title='bbox 995 1958 1116 1999; x_wconf 85' lang='lat' dir='ltr'>partes</span> <span class='ocrx_word' id='word_1_283' title='bbox 1135 1952 1251 1988; x_wconf 87' lang='lat' dir='ltr'>disse-</span> 
     </span>
     <span class='ocr_line' id='line_1_36' title="bbox 78 2002 1253 2052; baseline 0 -12"><span class='ocrx_word' id='word_1_284' title='bbox 78 2004 184 2040; x_wconf 91' lang='lat' dir='ltr'>rendi</span> <span class='ocrx_word' id='word_1_285' title='bbox 210 2016 285 2039; x_wconf 93' lang='lat' dir='ltr'>non</span> <span class='ocrx_word' id='word_1_286' title='bbox 314 2003 360 2039; x_wconf 94' lang='lat' dir='ltr'>ob</span> <span class='ocrx_word' id='word_1_287' title='bbox 390 2015 469 2038; x_wconf 91' lang='lat' dir='ltr'>eam</span> <span class='ocrx_word' id='word_1_288' title='bbox 497 2015 663 2038; x_wconf 88' lang='lat' dir='ltr'>caussam</span> <span class='ocrx_word' id='word_1_289' title='bbox 697 2002 818 2038; x_wconf 90' lang='lat' dir='ltr'>solum</span> <span class='ocrx_word' id='word_1_290' title='bbox 846 2003 997 2052; x_wconf 86' lang='lat' dir='ltr'>placuit,</span> <span class='ocrx_word' id='word_1_291' title='bbox 1020 2005 1119 2052; x_wconf 92' lang='lat' dir='ltr'>quod</span> <span class='ocrx_word' id='word_1_292' title='bbox 1148 2005 1253 2040; x_wconf 85' lang='lat' dir='ltr'>aliter</span> 
     </span>
     <span class='ocr_line' id='line_1_37' title="bbox 79 2056 1250 2105; baseline 0 -12"><span class='ocrx_word' id='word_1_293' title='bbox 79 2070 154 2093; x_wconf 90' lang='lat' dir='ltr'>non</span> <span class='ocrx_word' id='word_1_294' title='bbox 172 2063 309 2105; x_wconf 89' lang='lat' dir='ltr'>posset,</span> <span class='ocrx_word' id='word_1_295' title='bbox 331 2056 421 2104; x_wconf 89' lang='lat' dir='ltr'>quid</span> <span class='ocrx_word' id='word_1_296' title='bbox 440 2056 476 2091; x_wconf 92' lang='lat' dir='ltr'>in</span> <span class='ocrx_word' id='word_1_297' title='bbox 497 2067 643 2103; x_wconf 90' lang='lat' dir='ltr'>quaque</span> <span class='ocrx_word' id='word_1_298' title='bbox 662 2068 699 2091; x_wconf 90' lang='lat' dir='ltr'>re</span> <span class='ocrx_word' id='word_1_299' title='bbox 719 2056 795 2092; x_wconf 90' lang='lat' dir='ltr'>veri</span> <span class='ocrx_word' id='word_1_300' title='bbox 815 2056 934 2092; x_wconf 89' lang='lat' dir='ltr'>simile</span> <span class='ocrx_word' id='word_1_301' title='bbox 954 2065 1061 2101; x_wconf 87' lang='lat' dir='ltr'>esset,</span> <span class='ocrx_word' id='word_1_302' title='bbox 1082 2057 1250 2102; x_wconf 84' lang='lat' dir='ltr'>inveniri,</span> 
     </span>
     <span class='ocr_line' id='line_1_38' title="bbox 80 2109 1249 2157; baseline 0 -11"><span class='ocrx_word' id='word_1_303' title='bbox 80 2111 144 2146; x_wconf 92' lang='lat' dir='ltr'>sed</span> <span class='ocrx_word' id='word_1_304' title='bbox 171 2110 281 2146; x_wconf 88' lang='lat' dir='ltr'>etiarn</span> <span class='ocrx_word' id='word_1_305' title='bbox 312 2109 413 2157; x_wconf 93' lang='lat' dir='ltr'>quod</span> <span class='ocrx_word' id='word_1_306' title='bbox 442 2114 539 2144; x_wconf 85' lang='lat' dir='ltr'>esset</span> <span class='ocrx_word' id='word_1_307' title='bbox 571 2121 614 2144; x_wconf 89' lang='lat' dir='ltr'>ea</span> <span class='ocrx_word' id='word_1_308' title='bbox 641 2109 804 2145; x_wconf 83' lang='lat' dir='ltr'>maxima</span> <span class='ocrx_word' id='word_1_309' title='bbox 833 2110 981 2146; x_wconf 90' lang='lat' dir='ltr'>dicendi</span> <span class='ocrx_word' id='word_1_310' title='bbox 1009 2111 1249 2155; x_wconf 85' lang='lat' dir='ltr'>exercitatio;</span> 
     </span>
     <span class='ocr_line' id='line_1_39' title="bbox 80 2161 1252 2212; baseline 0.001 -13"><span class='ocrx_word' id='word_1_311' title='bbox 80 2176 154 2212; x_wconf 88' lang='lat' dir='ltr'>qua</span> <span class='ocrx_word' id='word_1_312' title='bbox 172 2163 340 2211; x_wconf 88' lang='lat' dir='ltr'>princeps</span> <span class='ocrx_word' id='word_1_313' title='bbox 360 2174 451 2198; x_wconf 89' lang='lat' dir='ltr'>usus</span> <span class='ocrx_word' id='word_1_314' title='bbox 471 2167 527 2197; x_wconf 85' lang='lat' dir='ltr'>est</span> <span class='ocrx_word' id='word_1_315' title='bbox 545 2161 776 2207; x_wconf 90' lang='lat' dir='ltr'>Aristoteles,</span> <span class='ocrx_word' id='word_1_316' title='bbox 797 2162 929 2198; x_wconf 91' lang='lat' dir='ltr'>deinde</span> <span class='ocrx_word' id='word_1_317' title='bbox 947 2175 1031 2198; x_wconf 88' lang='lat' dir='ltr'>eum</span> <span class='ocrx_word' id='word_1_318' title='bbox 1052 2163 1117 2211; x_wconf 91' lang='lat' dir='ltr'>qui</span> <span class='ocrx_word' id='word_1_319' title='bbox 1138 2165 1252 2200; x_wconf 89' lang='lat' dir='ltr'>secuti</span> 
     </span>
     <span class='ocr_line' id='line_1_40' title="bbox 80 2215 1251 2262; baseline 0.001 -10"><span class='ocrx_word' id='word_1_320' title='bbox 80 2222 180 2253; x_wconf 90' lang='lat' dir='ltr'>sunt.</span> <span class='ocrx_word' id='word_1_321' title='bbox 237 2216 373 2252; x_wconf 81' lang='lat' dir='ltr'>Nostra</span> <span class='ocrx_word' id='word_1_322' title='bbox 409 2221 530 2250; x_wconf 87' lang='lat' dir='ltr'>autem</span> <span class='ocrx_word' id='word_1_323' title='bbox 569 2215 744 2251; x_wconf 88' lang='lat' dir='ltr'>memoria</span> <span class='ocrx_word' id='word_1_324' title='bbox 776 2215 897 2259; x_wconf 91' lang='lat' dir='ltr'>Philo,</span> <span class='ocrx_word' id='word_1_325' title='bbox 933 2228 1044 2262; x_wconf 89' lang='lat' dir='ltr'>quem</span> <span class='ocrx_word' id='word_1_326' title='bbox 1081 2229 1148 2253; x_wconf 93' lang='lat' dir='ltr'>nos</span> <span class='ocrx_word' id='word_1_327' title='bbox 1180 2218 1251 2253; x_wconf 85' lang='lat' dir='ltr'>fre-</span> 
     </span>
     <span class='ocr_line' id='line_1_41' title="bbox 81 2267 1252 2319; baseline 0.001 -14"><span class='ocrx_word' id='word_1_328' title='bbox 81 2276 235 2318; x_wconf 89' lang='lat' dir='ltr'>quenter</span> <span class='ocrx_word' id='word_1_329' title='bbox 254 2269 476 2311; x_wconf 69' lang='lat' dir='ltr'>audivimus,</span> <span class='ocrx_word' id='word_1_330' title='bbox 496 2267 657 2303; x_wconf 85' lang='lat' dir='ltr'>instituit</span> <span class='ocrx_word' id='word_1_331' title='bbox 676 2268 746 2304; x_wconf 92' lang='lat' dir='ltr'>alio</span> <span class='ocrx_word' id='word_1_332' title='bbox 766 2275 929 2316; x_wconf 91' lang='lat' dir='ltr'>tempore</span> <span class='ocrx_word' id='word_1_333' title='bbox 948 2269 1134 2306; x_wconf 88' lang='lat' dir='ltr'>rhetorum</span> <span class='ocrx_word' id='word_1_334' title='bbox 1153 2283 1252 2319; x_wconf 92' lang='lat' dir='ltr'>prae—</span> 
     </span>
     <span class='ocr_line' id='line_1_42' title="bbox 81 2321 1252 2371; baseline 0.001 -13"><span class='ocrx_word' id='word_1_335' title='bbox 81 2329 187 2371; x_wconf 87' lang='lat' dir='ltr'>cepta</span> <span class='ocrx_word' id='word_1_336' title='bbox 205 2322 358 2366; x_wconf 86' lang='lat' dir='ltr'>tradere,</span> <span class='ocrx_word' id='word_1_337' title='bbox 379 2322 450 2357; x_wconf 87' lang='lat' dir='ltr'>alio</span> <span class='ocrx_word' id='word_1_338' title='bbox 475 2321 792 2369; x_wconf 84' lang='lat' dir='ltr'>philosophorum.</span> <span class='ocrx_word' id='word_1_339' title='bbox 848 2322 909 2357; x_wconf 90' lang='lat' dir='ltr'>Ad</span> <span class='ocrx_word' id='word_1_340' title='bbox 929 2334 1040 2369; x_wconf 90' lang='lat' dir='ltr'>quam</span> <span class='ocrx_word' id='word_1_341' title='bbox 1068 2336 1136 2359; x_wconf 90' lang='lat' dir='ltr'>nos</span> <span class='ocrx_word' id='word_1_342' title='bbox 1165 2336 1252 2360; x_wconf 91' lang='lat' dir='ltr'>con-</span> 
     </span>
     <span class='ocr_line' id='line_1_43' title="bbox 82 2374 1250 2420; baseline 0.002 -10"><span class='ocrx_word' id='word_1_343' title='bbox 82 2375 315 2412; x_wconf 88' lang='lat' dir='ltr'>suetudinem</span> <span class='ocrx_word' id='word_1_344' title='bbox 335 2387 355 2411; x_wconf 87' lang='lat' dir='ltr'>a</span> <span class='ocrx_word' id='word_1_345' title='bbox 368 2374 609 2411; x_wconf 88' lang='lat' dir='ltr'>familiaribus</span> <span class='ocrx_word' id='word_1_346' title='bbox 627 2375 763 2411; x_wconf 90' lang='lat' dir='ltr'>nostris</span> <span class='ocrx_word' id='word_1_347' title='bbox 791 2375 941 2412; x_wconf 88' lang='lat' dir='ltr'>adducti</span> <span class='ocrx_word' id='word_1_348' title='bbox 965 2375 1004 2412; x_wconf 89' lang='lat' dir='ltr'>in</span> <span class='ocrx_word' id='word_1_349' title='bbox 1023 2376 1250 2420; x_wconf 88' lang='lat' dir='ltr'>Tusculano,</span> 
     </span>
    </p>
   </div>
   <div class='ocr_carea' id='block_1_3' title="bbox 1274 841 1291 872">
    <p class='ocr_par' dir='ltr' id='par_1_6' title="bbox 1274 841 1291 872">
     <span class='ocr_line' id='line_1_44' title="bbox 1274 841 1291 872; textangle 90"><span class='ocrx_word' id='word_1_350' title='bbox 1274 841 1291 872; x_wconf 47' lang='grc' dir='ltr'>κ1</span> 
     </span>
    </p>
   </div>
  </div>
 </body>
</html>
