1471 2585
80 95 144 138 83,
166 94 229 130 84.
253 90 310 142 1.]
344 104 449 128 ΒοοΚ
469 104 530 128 111.
551 103 669 128 anP.
692 93 755 128 34.
778 103 882 128 BOOK
903 103 956 129 ιν.
978 105 1095 129 eHAP.
1122 95 1155 129 1.
1212 94 1259 131 91

80 209 165 236 tura
196 199 396 243 exoriatur,
428 199 492 234 sed
520 197 675 246 judicio,
700 198 764 234 sed
797 198 983 246 opinione,
1005 198 1068 234 sed
1103 200 1263 247 quadam

80 253 298 290 invitatione
318 253 365 288 ad
384 252 599 294 dolendum,
619 264 738 299 quum
757 252 794 287 id
814 252 1085 288 decreverimus
1115 254 1166 288 ita
1186 253 1266 288 fieri

48 315 51 318 '
81 313 261 355 oportere.
321 306 405 341 Hoc
435 305 610 349 detracto,
631 306 730 353 quod
761 312 883 341 totum
914 312 970 341 est
998 306 1265 350 voluntarium,

81 360 263 408 aegritudo
293 359 362 395 erit
391 359 537 394 sublata
567 358 631 394 illa
659 371 844 403 maerens;
885 371 1032 395 morsus
1069 365 1193 395 tamen
1231 367 1267 396 et

44 444 52 445 r
80 412 412 449 contractiunculae
449 412 623 458 quaedam
660 412 774 448 animi
810 412 1083 460 relinquentur.
1155 413 1266 449 Hanc

80 466 204 502 dicant
235 478 323 501 sane
352 466 572 509 naturalem,
609 465 700 501 dum
736 466 970 514 aegritudinis
1001 479 1138 501 nomen
1169 466 1267 502 absit

79 532 202 568 grave,
223 526 386 561 taetrum,
408 519 612 562 funestum,
629 519 729 566 quod
745 532 829 555 cum
850 519 1031 567 sapientia
1046 532 1125 555 esse
1138 526 1264 567 atque,

80 578 121 609 ut
139 573 191 609 ita
210 573 342 616 dicam,
363 572 528 608 habitare
548 572 653 608 nullo
674 573 784 608 modo
804 573 933 621 possit.

132 626 260 675 Atque
288 625 423 674 stirpes
452 633 539 662 sunt
567 626 800 674 aegritudinis
830 638 941 673 quam
965 626 1121 662 multae!
1153 638 1266 674 quam

79 681 241 716 amarae!
272 692 370 728 quae,
391 679 472 728 ipso
493 685 626 715 trunco
645 692 786 723 everso,
807 692 935 715 omnes
965 679 1149 716 elidendae
1178 685 1268 716 sunt

79 740 129 776 et,
156 733 186 769 si
216 746 367 769 necesse
402 732 481 776 erit,
510 732 667 779 singulis
700 733 1029 781 disputationibus.
1087 733 1267 781 Superest

79 786 180 822 enim
200 787 306 823 nobis
326 786 406 830 hoc,
427 786 652 822 cuicuimodi
671 793 740 829 est,
759 787 892 823 otium.

134 840 208 876 Sed
221 840 313 876 ratio
332 852 409 875 una
427 839 595 875 omnium
612 847 669 875 est
681 840 960 887 aegritudinum,
976 839 1085 887 plura
1100 840 1264 876 nomina.

80 892 179 930 Nam
199 899 235 929 et
253 893 417 929 invidere
438 893 669 941 aegritudinis
689 899 746 929 est
762 900 799 928 et
818 893 985 929 aemulari
1007 899 1043 928 et
1063 894 1266 929 obtrectare

80 952 118 983 et
147 947 309 983 misereri
340 952 377 982 et
407 947 505 995 angi,
525 947 665 994 lugere,
688 959 853 990 maerere,
882 959 1050 982 aerumna
1077 947 1184 990 affici,
1211 947 1265 983 la-

79 1001 249 1043 mentari,
283 999 482 1044 sollicitari,
511 1000 646 1042 dolere,
680 1000 718 1035 in
750 1000 920 1036 molestia
956 1012 1047 1043 esse,
1083 1000 1266 1044 afflictari,

80 1053 286 1102 desperare.
346 1053 443 1089 Haee
471 1053 596 1089 omnia
623 1053 810 1089 definiunt
839 1053 966 1097 Stoici,
993 1066 1110 1101 eaque
1140 1054 1264 1098 verba,

80 1119 166 1154 quae
197 1107 289 1151 dixi,
321 1106 552 1155 singularum
581 1119 701 1142 rerum
740 1114 839 1150 sunt,
873 1119 961 1149 non,
998 1114 1042 1142 ut
1078 1107 1265 1152 videntur,

80 1160 228 1196 easdem
258 1172 314 1195 res
344 1160 566 1208 significant,
588 1160 652 1195 sed
681 1159 821 1207 aliquid
851 1160 1040 1202 differunt,
1062 1161 1161 1208 quod
1191 1161 1264 1197 alio

79 1213 162 1249 loco
182 1214 334 1249 fortasse
354 1213 606 1249 tractabimus.
664 1213 739 1249 Hae
758 1219 848 1248 sunt
866 1213 943 1248 illae
962 1213 1064 1248 fibrae
1081 1213 1264 1261 stirpium,

80 1279 173 1314 quas
207 1266 314 1302 initio
347 1266 439 1309 dixi,
469 1266 738 1314 persequendae
765 1272 802 1302 et
834 1279 963 1302 ornnes
993 1266 1190 1311 elidendae,
1218 1279 1265 1303 ne

80 1332 260 1367 umquam
282 1320 359 1355 ulla
378 1319 495 1368 possit
513 1320 705 1356 exsistere.

134 1373 318 1421 Magnum
350 1385 445 1421 opus
475 1380 512 1409 et
543 1372 704 1416 difficile,
731 1371 815 1421 quis
848 1373 985 1420 negat?
1015 1374 1106 1420 quid
1139 1379 1264 1410 autem

80 1427 302 1475 praeclarum
323 1439 396 1462 non
416 1426 515 1462 idem
535 1426 720 1462 arduum?
750 1425 814 1462 sed
835 1433 959 1461 tamen
979 1426 1017 1461 id
1043 1439 1081 1462 se
1110 1427 1264 1462 effectu-

79 1493 157 1516 ram
186 1480 422 1528 philosophia
450 1479 669 1528 profitetur3
700 1492 768 1515 nos
797 1479 907 1515 modo
938 1480 1163 1516 curationem
1185 1479 1265 1528 ejus

80 1533 314 1582 recipiamus.
378 1533 519 1569 Verum
558 1533 707 1582 quidem
743 1532 826 1568 haec
862 1532 1056 1569 hactenus.
1120 1534 1264 1577 Cetera,

79 1587 377 1635 quotiescunque
396 1586 542 1631 voletis,
564 1592 600 1622 et
619 1586 689 1622 hoc
716 1586 799 1622 loco
828 1592 865 1622 et
893 1586 973 1622 aliis
1002 1593 1129 1635 parata
1158 1586 1265 1623 vobis

79 1646 199 1677 erunt.

409 1866 596 1906 LIBER
633 1865 932 1908 QUARTUS.

81 1959 114 1997 Ῐ.
146 1959 271 1999 QUUM
290 1957 419 1994 multis
438 1957 529 1993 locis
547 1963 756 1994 nostrorum
770 1957 966 1994 hominum
980 1958 1130 2008 ingenia
1146 1960 1264 1996 virtu-

79 2019 221 2062 tesque,
244 2013 371 2054 Brute,
393 2011 494 2046 soleo
521 2010 655 2053 mirari,
676 2019 756 2047 tum
782 2012 944 2048 maxime
974 2013 1011 2048 in
1042 2013 1086 2048 iis
1117 2014 1264 2058 studiis,

80 2079 166 2114 quae
187 2078 266 2102 sero
287 2065 486 2101 admodum
508 2064 675 2112 expetita
694 2065 731 2100 in
752 2064 846 2101 hanc
865 2065 1051 2101 civitatem
1076 2079 1095 2101 e
1117 2066 1265 2103 Graecia

80 2119 364 2156 transtulerunt.
422 2117 517 2153 Nam
552 2129 669 2165 quum
698 2130 719 2153 a
748 2118 866 2166 primo
895 2118 1009 2154 Urbis
1040 2126 1122 2154 ortu
1154 2120 1263 2167 regiis

79 2172 273 2216 institutis,
306 2171 439 2220 partim
470 2170 582 2206 etiam
611 2171 767 2218 legibus,
806 2172 982 2219 auspicia,
1022 2173 1261 2218 caerimoniae,

80 2226 240 2270 comitia,
262 2224 554 2273 provocationeS,
573 2230 720 2272 patrum
741 2225 949 2267 consilium,
969 2225 1139 2272 equitum
1159 2227 1264 2274 pedi-

81 2286 237 2327 tumque
256 2277 466 2326 descriptio,
487 2283 564 2312 tota
582 2290 638 2313 res
658 2277 826 2313 militaris
843 2277 1023 2313 divinitus
1051 2286 1148 2314 esset
1176 2292 1265 2315 con-

83 2332 214 2368 stituta
230 2345 238 2369 :
260 2338 340 2368 tum
357 2330 563 2379 progressio
576 2330 802 2367 admirabilis
817 2331 1117 2380 incredibilisque
1134 2345 1264 2368 cursus

84 2385 132 2421 ad
163 2397 310 2422 omnem
342 2384 603 2421 excellentiam
635 2383 754 2420 factus
789 2391 845 2420 est
876 2385 1070 2421 dominatu
1102 2386 1202 2434 regio
1227 2398 1264 2420 re

1285 314 1324 344 83

1285 1063 1324 1092 δὲ
