1471 2585
199 92 270 126 122
528 101 728 126 TUSCULAN
761 101 1055 125 DiseurArross.
1181 85 1370 137 [lo—12.

194 202 326 232 natura
362 196 544 244 profectos
576 195 668 232 alios
703 195 830 243 gloriae
868 195 1015 238 servire,
1048 194 1139 230 alios
1173 194 1369 242 pecuniae3

195 262 294 285 raros
314 262 392 285 esse
412 249 606 296 quosdam,
626 248 690 296 qui
715 249 844 284 ceteris
871 249 1044 284 omnibus
1073 260 1137 296 pro
1166 247 1282 284 nihilo
1307 248 1372 284 ha-

195 302 282 338 bitis
301 315 421 338 rerum
439 308 610 338 naturam
629 302 792 338 studiose
811 302 1067 345 intuerentur3
1098 300 1165 337 hos
1186 314 1225 337 se
1244 301 1373 349 appel-

195 355 271 390 lare
291 356 482 402 sapientiae
501 355 698 399 studiosos,
717 355 754 390 id
774 361 829 390 est
852 355 948 390 enim
976 354 1217 401 philosophos
1235 368 1243 398 3
1275 360 1312 390 et
1329 361 1375 390 ut

196 408 272 444 illic
288 408 586 444 liberalissimum
613 415 710 444 esset
729 415 891 455 spectare
910 407 1004 443 nibil
1023 407 1092 442 sibi
1108 407 1372 455 acquirentem,

198 461 248 497 sic
267 461 305 496 in
323 461 397 496 vita
411 461 520 509 longe
539 461 712 497 omnibus
732 461 862 497 studiis
882 460 1231 508 contemplationem
1250 472 1372 496 rerum

198 514 521 562 cognitionemque
540 522 728 562 praestare.

143 573 180 601 10
252 566 321 603 IV.
364 567 442 603 Nec
472 580 556 603 vero
586 567 817 616 Pythagoras
848 566 1008 602 nominis
1037 566 1156 602 solum
1190 567 1372 612 inventor,

198 620 261 656 sed
280 632 401 655 rerum
429 620 540 656 etiam
564 620 727 668 ipsarum
753 619 997 667 amplificator
1020 620 1101 655 fuit.
1160 620 1236 659 Qui
1255 633 1371 669 quum

196 681 281 721 post
299 673 397 708 hunc
415 673 621 709 Phliasium
643 685 848 709 sermonem
872 673 910 708 in
932 672 1080 708 Italiam
1106 673 1279 717 venisset,
1307 686 1374 710 ex-

197 726 342 762 ornavit
360 739 440 762 eam
462 726 658 770 Graeciam,
675 739 761 773 quae
782 726 919 773 Magna
941 726 1038 762 dicta
1056 733 1124 768 est,
1145 733 1181 762 et
1200 727 1372 775 privatim

197 786 234 815 et
254 779 398 827 publice
414 779 730 827 praestantissimis
750 786 786 814 et
804 779 984 814 institutis
1003 786 1040 814 et
1057 779 1212 815 artibus.
1253 780 1373 828 Cujus

197 832 241 868 de
257 832 451 880 disciplina
464 833 567 868 aliud
583 839 730 881 tempus
745 832 856 868 fuerit
869 832 1022 868 fortasse
1043 832 1200 869 dicendi.
1236 833 1310 869 Sed
1325 833 1373 870 ab

196 886 350 933 antiqua
369 885 602 934 philosophia
626 898 744 933 usque
770 886 815 921 ad
844 885 1044 926 Socratem,
1064 885 1128 933 qui
1147 885 1373 923 Archelaum

195 939 433 987 Anaxagorae
450 938 673 986 discipulum
693 939 871 982 audierat,
897 939 1041 974 numeri
1059 946 1257 987 motusque
1276 946 1372 975 trac-

197 992 381 1034 tabantur,
412 999 449 1027 et
480 992 580 1027 unde
613 993 737 1027 omnia
768 998 958 1027 orerentur
988 1004 1110 1039 quove
1144 992 1370 1036 reciderent;

196 1045 434 1092 studioseque
454 1046 499 1080 ab
519 1045 563 1080 iis
583 1045 742 1081 siderum
763 1044 1051 1093 magnitudines,
1067 1045 1271 1089 intervalla,
1289 1058 1373 1081 cur-

170 1119 174 1122 *
197 1110 258 1134 sus
287 1098 578 1145 anquirebantur
605 1105 642 1134 et
667 1105 799 1134 cuncta
824 1098 1000 1134 caelestia.
1058 1098 1227 1134 Socrates
1247 1105 1374 1134 autem

196 1151 336 1198 primus
358 1151 627 1198 philosophiam
648 1152 843 1187 devocavit
861 1164 880 1186 e
900 1151 992 1186 caelo
1012 1160 1049 1186 et
1067 1151 1105 1186 in
1121 1151 1276 1188 urbibus
1296 1151 1373 1188 col-

197 1203 332 1240 locavit
350 1212 386 1240 et
405 1205 443 1239 in
463 1205 596 1240 domus
616 1204 725 1240 etiam
746 1204 957 1240 introduxit
977 1211 1013 1239 et
1032 1204 1151 1252 coegit
1176 1204 1221 1240 de
1243 1204 1317 1240 vita
1337 1212 1374 1240 et

144 1264 176 1293 11
198 1257 361 1293 moribus
383 1258 566 1305 rebusque
586 1257 693 1293 bonis
716 1265 752 1293 et
776 1257 882 1293 malis
901 1269 1080 1304 quaerere.
1138 1256 1255 1305 Cujus
1274 1257 1373 1293 mul-

198 1310 317 1357 tiplex
333 1310 424 1345 ratio
444 1310 657 1357 disputandi
676 1323 872 1358 rerumque
888 1310 1042 1345 varietas
1060 1317 1097 1345 et
1111 1309 1249 1358 ingenii
1268 1323 1373 1359 mat,-

196 1363 339 1407 nitudo,
374 1363 541 1398 Platonis
575 1363 750 1399 memoria
781 1370 817 1398 et
849 1363 978 1398 litteris
1011 1370 1233 1407 consecrata,
1267 1363 1400 1411 plurax

195 1428 329 1463 genera
354 1416 474 1451 effecit
492 1416 788 1452 dissentientium
807 1416 1126 1464 philosophorum.
1183 1416 1216 1451 E
1236 1417 1374 1464 quibus

196 1480 263 1503 nos
283 1469 318 1504 id
340 1468 571 1516 potissimum
592 1470 778 1505 consecuti
799 1481 939 1511 sumus,
957 1481 1031 1517 quo
1050 1470 1238 1505 Socratem
1262 1481 1373 1506 usum

197 1522 476 1564 arbitrabamur,
514 1529 555 1558 ut
588 1529 750 1558 nostram
788 1522 858 1569 ipsi
895 1522 1115 1558 sententiam
1150 1529 1371 1571 tegeremus,

198 1586 316 1610 errore
350 1575 440 1610 alios
474 1575 680 1611 levaremus
714 1583 751 1611 et
782 1575 819 1610 in
854 1576 954 1611 omni
986 1575 1248 1623 disputatione,
1282 1576 1373 1624 quid

198 1634 295 1663 esset
311 1627 542 1664 simillimum
558 1628 645 1670 veri,
660 1641 924 1676 quaereremus.
960 1628 1083 1667 Quem
1100 1641 1238 1664 morem
1255 1641 1372 1676 quum

199 1680 407 1716 Carneades
427 1681 637 1717 acutissime
658 1681 984 1729 copiosissimeque
1005 1682 1197 1725 tenuisset,
1217 1681 1372 1718 fecimus

198 1742 234 1768 et
252 1733 342 1769 alias
363 1746 461 1781 saepe
483 1742 519 1770 et
538 1747 656 1783 nuper
676 1735 713 1770 in
735 1734 960 1777 Tusculano,
982 1742 1024 1770 ut
1043 1737 1087 1770 ad
1108 1747 1189 1770 eam
1215 1747 1372 1771 consue-

198 1786 363 1822 tudinem
381 1787 665 1835 disputaremus.
723 1788 774 1824 Et
790 1788 979 1835 quatridui
994 1788 1144 1835 quidem
1165 1800 1372 1824 sermonem

198 1840 448 1886 superioribus
475 1841 521 1876 ad
547 1848 582 1877 te
612 1841 855 1888 perscriptum
885 1841 987 1876 libris
1014 1841 1206 1885 misimus;
1241 1841 1373 1888 quinto

197 1898 319 1928 autem
347 1893 417 1936 die,
439 1905 556 1940 quum
583 1895 711 1930 eodem
741 1894 777 1930 in
804 1894 884 1930 loco
910 1894 1216 1938 consedissemus,
1243 1894 1294 1930 sic
1317 1902 1374 1930 est

197 1945 438 1992 propositum,
460 1946 504 1982 de
522 1958 595 1993 quo
615 1947 900 1994 disputaremuS.

143 2007 178 2036 12
250 1997 299 2034 V.
338 1998 389 2034 A.
424 1998 510 2034 Non
537 1999 626 2035 mihi
654 2000 812 2047 videtur,
843 2001 890 2036 ad
920 2001 1025 2036 beate
1052 1999 1255 2035 vivendum
1284 1998 1372 2035 satis

198 2063 304 2098 posse
338 2051 526 2087 virtutem.
590 2051 649 2088 M.
683 2053 736 2088 At
766 2052 913 2089 hercule
948 2053 1063 2089 Bruto
1101 2065 1183 2088 meo
1214 2052 1371 2094 videtur,

198 2103 305 2151 cujus
334 2117 401 2151 ego
422 2104 617 2153 judicium,
648 2118 737 2152 pace
763 2112 827 2142 tua
852 2107 1022 2149 dixerim,
1050 2106 1159 2153 longe
1187 2112 1372 2152 antepono

199 2162 275 2192 tu0.
338 2157 387 2193 A.
428 2158 513 2193 Non
548 2157 690 2200 dubito,
722 2171 788 2194 nec
823 2159 859 2194 id
893 2172 992 2195 nunc
1024 2158 1156 2205 agitur,
1190 2165 1232 2193 tu
1264 2157 1371 2193 illum

197 2215 376 2256 quantum
408 2223 518 2255 ames,
554 2211 618 2246 sed
651 2211 730 2253 hoc,
758 2212 858 2258 quod
890 2212 978 2247 mihi
1005 2211 1084 2247 dixi
1110 2210 1235 2253 videri,
1261 2210 1372 2258 quale

198 2261 268 2306 sit;
299 2262 343 2297 de
363 2275 437 2309 quo
463 2276 483 2299 a
503 2272 538 2299 te
558 2264 737 2312 disputari
758 2264 856 2300 volo.
913 2264 973 2301 Μ.
1004 2264 1148 2312 Nempe
1174 2276 1299 2310 negaS,
1325 2264 1372 2299 ad

198 2314 301 2350 beate
339 2315 539 2352 vivendum
578 2317 666 2353 satis
704 2329 811 2365 posse
849 2318 1022 2354 virtutem
1041 2317 1055 2352 ἲ
1122 2316 1172 2353 A.
1213 2316 1370 2352 Prorsus

195 2379 303 2416 nego.
351 2366 411 2404 M.
434 2368 563 2407 Quid?
593 2370 640 2406 ad
659 2377 767 2414 recte,
785 2370 949 2414 honeste,
966 2369 1210 2414 laudabiliter,
1226 2375 1368 2418 postre—
