1471 2585
77 79 269 131 50—52.]
397 92 501 117 BOOK
531 92 583 116 ιν.
607 91 725 116 CHAP.
748 82 917 118 21—23.
1191 82 1265 120 107

78 188 305 237 gredientem
326 187 426 234 apud
441 187 651 223 Homerum
666 187 819 235 Ajacem
833 187 953 224 multa
968 200 1051 223 cnm
1068 187 1265 232 hilaritate,

79 254 196 290 quum
210 242 491 289 depugnaturus
508 248 606 276 esset
626 253 709 276 cum
732 241 909 277 Hectore.
960 241 1091 289 Cujus,
1107 249 1150 277 ut
1165 254 1267 277 arma

58 295 61 297 ’
79 295 250 343 sumpsit,
266 294 447 341 ingressio
464 293 637 329 laetitiam
659 293 786 330 attulit
808 294 927 337 sociis,
948 301 1121 330 terrorem
1139 301 1264 330 autem

78 348 261 391 hostibus,
282 354 325 382 ut
343 346 468 395 ipsum
496 347 711 390 Hectorem,
733 348 1052 394 quemadmodum
1081 355 1137 383 est
1165 348 1265 396 apud

51 425 56 426 ν
80 401 302 445 Homerum,
324 408 402 436 toto
428 407 575 448 pectore
597 408 828 443 trementem,
851 413 1070 448 provocasse
1090 401 1136 437 ad
1168 413 1264 450 pug-

78 467 164 491 nam
186 454 395 502 poeniteret.
453 456 582 501 Atque
602 454 640 489 hi
662 453 837 489 collocuti
857 454 954 490 inter
974 467 1024 498 se,
1047 455 1264 502 priusquam

77 520 233 543 manum
264 514 511 550 consererent,
532 507 664 542 leniter
698 515 735 542 et
768 508 892 554 quiete
920 507 1014 543 nihil
1044 521 1089 544 ne
1117 508 1155 543 in
1183 508 1266 556 ipsa

78 561 230 608 quidem
261 573 386 609 pugna
424 560 600 596 iracunde
637 561 828 596 rabioseve
864 560 1043 596 fecerunt.
1102 560 1184 608 Ego
1218 574 1265 598 ne

78 614 315 661 Torquatum
349 613 498 661 quidem
530 613 650 657 illum,
678 614 740 661 qui
771 614 842 649 hoc
872 626 1076 662 cognomen
1108 614 1264 658 invenit,

76 667 211 704 iratum
225 667 402 703 existimo
417 666 526 702 Gallo
541 674 709 715 torquem
725 667 943 710 detraxisse,
957 680 1024 703 nec
1042 667 1265 704 Marcellum

77 721 177 769 apud
199 721 420 757 Clastidium
453 720 536 755 ideo
566 721 697 756 fortem
727 720 853 763 fuisse,
883 720 971 768 quia
995 721 1105 756 fuerit
1133 721 1262 758 iratus.

78 774 137 810 De
156 774 332 810 Africano
353 774 517 821 quidem,
539 773 627 821 quia
658 774 781 810 notior
812 781 868 809 est
892 774 1000 809 nobis
1028 781 1180 822 propter
1206 787 1263 811 re-

78 834 223 864 centem
257 828 485 869 memoriam,
518 827 577 863 vel
606 827 731 876 jurare
764 839 930 875 possum,
951 840 1024 863 non
1054 827 1163 863 illum
1191 828 1264 864 ira-

79 881 215 917 cundia
234 889 312 916 tum
333 880 606 916 inflammatum
627 880 753 924 fuisse,
775 893 891 928 quum
913 881 950 916 in
971 881 1048 917 acie
1070 881 1125 917 M.
1143 881 1265 917 Allie-

78 947 169 970 num
201 934 400 982 Pelignum
436 941 542 970 scuto
576 935 782 981 protexerit
813 934 1056 982 gladiumque
1091 934 1191 970 hosti
1226 934 1265 971 in

78 995 210 1036 pectus
240 987 419 1023 infixerit.
478 987 536 1023 De
569 987 615 1023 L.
637 988 755 1023 Bruto
785 987 940 1023 fortasse
973 988 1187 1031 dubitarim,
1218 1001 1265 1024 an

78 1048 228 1088 propter
245 1041 434 1076 infinitum
457 1041 583 1076 odium
605 1040 754 1088 tyranni
774 1040 986 1077 effrenatius
1014 1041 1049 1076 in
1080 1042 1265 1077 Aruntem

79 1094 276 1138 invaserit3
312 1093 417 1128 video
437 1093 535 1129 enim
556 1100 758 1141 utrumque
785 1094 955 1129 cominus
983 1095 1059 1130 ictu
1089 1094 1266 1130 cecidisse

79 1147 275 1183 contrario.
328 1146 429 1185 Quid
451 1146 563 1195 igitur
582 1146 654 1182 huc
671 1146 853 1182 adhibetis
866 1147 984 1182 iram?
1007 1160 1051 1182 an
1075 1147 1264 1190 fortitudo,

78 1199 151 1235 nisi
183 1200 343 1236 insanire
372 1200 498 1248 coepit‚
520 1200 681 1248 impetus
712 1213 799 1235 suos
827 1212 901 1235 non
933 1200 1070 1235 habet?
1130 1200 1263 1239 Quid?

80 1253 296 1296 Herculem,
310 1266 421 1301 quem
436 1253 472 1288 in
487 1254 620 1288 caelum
635 1253 705 1288 ista
720 1253 812 1301 ipsa,
827 1265 938 1300 quam
954 1266 1020 1289 vos
1035 1253 1264 1289 iracundiam

78 1319 159 1342 esse
180 1306 307 1350 vultis,
328 1306 483 1342 sustulit
501 1306 692 1349 fortitudo,
705 1306 890 1341 iratumne
907 1319 1034 1342 censes
1050 1306 1266 1343 conflixisse

81 1371 164 1396 cum
200 1359 448 1408 Erymanthio
481 1372 569 1408 apro
599 1366 664 1394 aut
696 1359 802 1395 leone
838 1359 1044 1395 Nemeaeo?
1075 1373 1121 1395 an
1154 1360 1265 1396 etiam

80 1413 250 1449 Theseus
271 1413 496 1448 Marathonii
521 1413 615 1448 tauri
646 1425 784 1448 cornua
812 1413 1093 1461 comprehendit
1120 1413 1264 1449 iratus?

79 1466 189 1509 Vide,
211 1479 256 1501 ne
285 1466 462 1502 fortitudo
495 1466 646 1501 minime
667 1466 715 1501 sit
744 1466 900 1510 rabiosa,
923 1466 1044 1514 sitque
1076 1466 1267 1502 iracundia

80 1526 158 1555 tota
194 1519 372 1555 levitatis.
428 1519 561 1567 Neque
599 1519 698 1555 enim
736 1526 794 1555 est
837 1519 913 1555 ulla
949 1519 1140 1564 fortitudo,
1179 1532 1265 1568 quae

79 1572 232 1608 rationis
253 1580 308 1608 est
326 1585 473 1620 expers.

134 1625 294 1662 XXIII.
326 1626 623 1662 Contemnendae
644 1638 699 1661 res
718 1625 895 1661 humanae
922 1632 1021 1668 sunt,
1042 1625 1267 1674 negligenda

79 1691 179 1715 mors
200 1686 268 1723 est,
289 1679 460 1727 patibiles
480 1688 516 1714 et
536 1679 680 1714 dolores
702 1686 736 1714 et
765 1678 910 1714 labores
938 1679 1109 1726 putandi.
1168 1678 1265 1715 Haec

81 1745 198 1780 quum
230 1732 432 1768 constituta
462 1739 549 1768 sunt
575 1731 718 1780 judicio
749 1739 862 1778 atque
884 1732 1078 1775 sententia,
1100 1738 1179 1767 tum
1210 1742 1267 1769 est

80 1785 234 1821 robusta
265 1785 330 1821 illa
362 1793 399 1821 et
429 1785 570 1820 stabilis
603 1785 793 1827 fortitudo,
814 1784 885 1820 nisi
911 1784 1015 1828 forte,
1042 1798 1128 1834 quae
1152 1785 1265 1822 vehe-

81 1845 236 1880 menter,
257 1839 398 1879 acriter,
419 1839 584 1873 animose
605 1838 712 1880 fiunt,
728 1838 903 1873 iracunde
919 1837 998 1873 fieri
1017 1838 1264 1886 suspicamur.

82 1891 180 1927 Mihi
200 1904 245 1926 ne
267 1891 391 1938 Scipio
412 1891 563 1938 quidem
586 1891 660 1933 ille,
683 1890 851 1937 pontifex
879 1891 1081 1934 maximus,
1103 1893 1167 1939 qui
1196 1891 1266 1929 hoc

82 1945 291 1981 Stoicorum
326 1956 455 1979 verum
489 1956 568 1980 esse
599 1943 811 1987 declaravit,
843 1956 1048 1991 numquam
1078 1945 1265 1992 privatum

82 2010 162 2034 esse
196 1997 413 2046 sapientem,
434 1997 549 2032 iratus
579 1996 727 2032 videtur
752 1997 865 2033 fuisse
893 1997 951 2033 Ti.
974 1998 1141 2033 Graccho
1171 2005 1264 2041 tum,

82 2063 197 2099 quum
220 2050 409 2086 consulem
431 2050 668 2097 languentem
689 2049 840 2097 reliquit
861 2050 1064 2098 atqueipse
1083 2050 1265 2098 privatus,

82 2111 125 2140 ut
145 2104 173 2139 si
197 2104 327 2139 consul
347 2110 456 2146 esset,
474 2103 537 2150 qui
557 2115 631 2138 rem
654 2103 838 2151 publicam
861 2103 1001 2139 salvam
1031 2116 1110 2139 esse
1139 2104 1264 2149 vellet,

83 2170 121 2193 se
159 2157 264 2204 sequi
299 2156 424 2205 jussit.
483 2155 632 2199 Nescio,
667 2156 802 2204 ecquid
834 2156 904 2205 ipsi
944 2169 1011 2191 nos
1048 2156 1192 2192 fortiter
1226 2158 1262 2193 in

81 2221 119 2245 re
151 2210 302 2258 publica
334 2209 555 2253 fecerimus3
588 2208 618 2244 si
643 2209 732 2257 quid
762 2209 929 2253 fecimus,
951 2215 1048 2244 certe
1077 2209 1160 2245 irati
1189 2223 1265 2247 non

79 2262 246 2299 fecimus.

134 2317 196 2352 An
216 2323 273 2352 est
300 2316 498 2363 quicquam
526 2315 684 2351 similius
717 2315 875 2351 insaniae
906 2327 1020 2362 quam
1040 2315 1121 2351 ira?
1151 2328 1265 2364 quam

82 2367 176 2405 bene
206 2369 354 2405 Ennius
382 2370 522 2405 initium
543 2368 640 2404 dixit
666 2369 838 2405 insanice.
896 2368 1019 2413 Color,
1043 2381 1132 2413 vox,
1153 2369 1264 2413 oculi,

1283 781 1322 810 50

1286 1633 1323 1663 51

1286 2167 1324 2196 52
