1471 2585
124 774 164 804 64

124 1360 164 1388 65

125 1732 164 1761 66

180 80 253 114 138
497 89 699 114 ΤυεουιΑΝ
730 89 1027 114 ΒιεΡυΤΑΤιοΝε.
1165 74 1353 126 [64-66.

179 184 318 219 artibus
347 183 519 231 ingenuis
551 183 708 220 erudito.
766 183 997 220 Musicorum
1029 196 1115 220 vero
1149 182 1357 232 perstudio-

180 249 275 280 sum,
305 245 451 285 poetam
482 238 593 273 etiam
628 237 974 285 tragicum—quam
1006 237 1156 281 bonum,
1191 235 1284 272 nihil
1312 236 1358 272 ad

179 302 280 334 rem;
313 291 349 325 in
370 290 438 325 hoc
459 289 555 326 enim
575 302 708 338 genere
728 290 851 326 nescio
871 303 945 338 quo
975 297 1082 338 pacto
1101 289 1217 338 magis
1246 301 1359 337 quam

179 343 217 379 in
247 343 328 378 aliis
359 355 467 379 suum
499 343 634 392 cuique
666 343 863 391 pulchrum
901 349 983 385 est3
1015 342 1135 379 adhuc
1172 342 1358 378 neminem

180 397 337 444 cognovi
356 403 502 444 poetam
522 395 578 444 (et
596 396 687 432 mihi
707 396 777 432 fuit
796 409 879 432 cum
896 396 1061 444 Aquinio
1081 394 1270 443 amicitia),
1293 394 1359 443 qui

180 448 251 484 sibi
271 461 343 484 non
364 449 526 497 optimus
546 449 732 486 videretur
751 463 758 486 :
789 450 840 485 sic
869 462 907 485 se
934 462 992 485 res
1011 448 1144 485 habet:
1175 451 1197 467 “
1217 456 1252 484 te
1281 455 1358 488 tua,

179 514 238 538 me
271 502 457 538 delectant
488 515 568 539 mea
584 502 737 546 '’—sed,
758 510 799 538 ut
824 503 869 538 ad
898 502 1123 549 Dionysium
1150 502 1357 544 redeamus,

180 555 281 590 omni
301 555 405 591 cultu
422 563 459 592 et
478 556 579 592 victu
599 555 762 591 humano
782 556 928 591 carebat
945 569 954 599 ς
986 555 1136 591 vivebat
1155 567 1239 590 cum
1259 554 1357 602 fugi-

180 608 280 651 tivis,
301 621 386 645 cum
406 609 632 653 facinorosis,
653 621 738 645 cum
758 609 946 652 barbaris3
976 608 1175 651 neminem,
1205 607 1269 655 qui
1294 613 1360 643 aut

179 661 348 697 libertate
368 661 502 709 dignus
522 670 618 698 esset
646 669 711 698 aut
740 662 854 698 vellet
881 661 1031 697 omnino
1060 662 1152 697 liber
1172 673 1265 705 esse,
1287 660 1357 696 sibi

180 715 339 750 amicum
361 716 618 751 arbitrabatur.

234 767 392 804 XXIII.
424 768 509 804 Non
539 781 605 815 ego
629 768 708 817 jam
737 781 820 804 cum
848 767 960 817 hujus
991 768 1077 810 vita,
1096 780 1170 815 qua
1199 766 1357 809 taetrius,

180 821 362 865 miserius,
383 822 636 857 detestabilius
656 823 866 870 excogitare
895 821 984 857 nihil
1007 834 1170 869 possum,
1192 819 1360 856 Platonis

180 880 246 910 aut
263 874 440 922 Archytae
476 875 586 910 vitam
620 875 852 922 comparabo,
877 875 1069 910 doctorum
1102 873 1294 909 hominum
1323 879 1360 908 et

181 926 290 974 plane
307 928 527 975 sapientium
544 943 552 970 ς
574 940 622 964 ex
635 928 763 963 eadem
782 929 872 964 urbe
891 928 1069 963 humilem
1089 925 1359 963 homunculum

180 992 202 1015 a
221 980 373 1028 pulvere
393 988 429 1016 et
448 980 548 1016 radio
577 981 762 1024 excitabo,
783 981 847 1028 qui
877 981 1002 1016 multis
1031 981 1136 1016 annis
1165 987 1248 1028 post
1275 978 1358 1021 fuit,

181 1032 454 1069 Archimedem.
514 1034 634 1082 Cujus
653 1047 720 1094 ego
741 1042 906 1081 quaestor
933 1034 1143 1081 ignoratum
1172 1034 1218 1069 ab
1248 1032 1361 1079 Syra-

181 1087 340 1129 cusanis,
362 1099 478 1134 quum
505 1100 583 1122 esse
613 1087 764 1123 omnino
796 1094 985 1135 negarent,
1006 1093 1165 1134 saeptum
1192 1085 1359 1133 undique

181 1146 218 1175 et
251 1140 427 1176 vestitum
462 1141 634 1188 vepribus
666 1148 703 1175 et
731 1140 893 1176 dumetis
921 1140 1096 1188 indagavi
1133 1139 1357 1188 sepulcrum.

183 1192 372 1228 Tenebam
391 1193 490 1229 enim
510 1194 689 1241 quosdam
711 1194 923 1236 senariolos,
943 1206 1037 1241 quos
1057 1193 1094 1228 in
1119 1193 1198 1240 ejus
1226 1203 1359 1227 monu-

183 1252 310 1281 mento
340 1258 419 1282 esse
448 1246 644 1294 inscriptos
677 1259 899 1294 acceperam,
938 1247 1001 1294 qui
1036 1246 1284 1287 declarabant,
1322 1244 1359 1279 in

183 1310 329 1335 summo
358 1300 526 1348 sepulcro
557 1299 738 1347 sphaeram
769 1312 848 1335 esse
881 1300 1036 1346 positam
1063 1311 1146 1334 curn
1179 1297 1358 1345 cylindro.

184 1351 266 1400 Ego
286 1359 423 1394 autern,
445 1365 561 1400 quum
591 1352 715 1388 omnia
739 1352 991 1387 collustrarem
1011 1352 1128 1387 oculis
1159 1349 1234 1396 (est
1262 1350 1360 1385 enim

183 1405 228 1440 ad
262 1412 384 1452 portas
414 1405 644 1453 Agragianas
674 1417 805 1453 magna
841 1405 1047 1453 frequentia
1079 1400 1360 1452 sepulcrorum),

183 1457 349 1493 animum
368 1458 509 1493 adverti
529 1457 766 1494 columellam
785 1470 858 1494 non
879 1458 1041 1494 multum
1070 1470 1088 1493 e
1118 1457 1241 1492 dumis
1269 1456 1360 1491 emi-

183 1517 345 1555 nentem,
362 1511 400 1546 in
420 1524 494 1558 qua
513 1511 629 1547 inerat
649 1511 806 1559 sphaerae
825 1511 943 1559 figura
961 1518 998 1547 et
1017 1510 1186 1558 cylindri.
1233 1509 1360 1557 Atque

183 1576 250 1610 ego
270 1564 393 1600 statim
415 1564 656 1612 Syracusanis
685 1563 807 1611 (erant
834 1571 958 1600 autem
987 1564 1169 1612 principes
1197 1559 1361 1608 mecum)

183 1616 275 1661 dixi,
305 1629 363 1653 me
395 1617 488 1653 illud
521 1617 642 1665 ipsum
675 1617 841 1653 arbitrari
877 1630 968 1661 esse,
1003 1617 1102 1664 quod
1139 1627 1358 1664 quaererem.

184 1669 348 1706 Immissi
385 1682 467 1706 cum
502 1670 658 1706 falcibus
687 1670 794 1706 multi
832 1677 1036 1719 purgarunt
1071 1678 1107 1705 et
1138 1674 1362 1717 aperuerunt

182 1722 318 1760 locum.
377 1724 464 1762 Quo
483 1736 597 1772 quum
618 1723 822 1772 patefactus
841 1730 937 1760 esset
955 1723 1089 1766 aditus,
1103 1723 1148 1758 ad
1168 1721 1361 1758 adversam

185 1776 301 1811 basim
322 1777 555 1813 accessimus.
612 1777 827 1825 Apparebat
844 1776 1079 1824 epigramma,
1097 1775 1219 1811 exesis
1238 1781 1361 1822 poste-

182 1829 339 1865 rioribus
359 1830 526 1877 partibus
549 1830 811 1866 versiculorum
835 1829 1036 1865 dimidiatis
1062 1829 1146 1864 fere.
1206 1828 1266 1864 Ita
1292 1839 1359 1863 no-

181 1881 361 1918 bilissima
377 1882 535 1918 Graeciae
552 1883 693 1926 civitas,
711 1883 897 1931 quondam
912 1895 998 1918 vero
1012 1883 1120 1918 etiam
1136 1880 1358 1922 doctissima,

183 1935 241 1970 sui
260 1935 351 1971 civis
369 1936 481 1971 unius
510 1936 713 1971 acutissimi
741 1944 1024 1972 monumentum
1054 1935 1269 1984 ignorasset,
1290 1932 1361 1968 nisi

182 1988 228 2023 ab
247 1988 396 2024 homine
415 1988 594 2036 Arpinate
615 1988 814 2025 didicisset.
873 1989 945 2024 Sed
973 1989 1109 2031 redeat,
1137 1987 1234 2023 unde
1254 1986 1359 2022 aber-

181 2042 288 2086 ravit,
309 2041 437 2077 oratio.
495 2041 590 2080 Quis
617 2050 674 2077 est
703 2042 882 2086 omnium,
904 2042 967 2089 qui
991 2042 1099 2077 modo
1118 2053 1202 2076 cum
1224 2038 1357 2081 Musis,

181 2093 218 2128 id
238 2100 294 2130 est
313 2107 396 2130 cum
417 2095 645 2130 humanitate
674 2102 712 2130 et
741 2107 825 2131 cum
856 2095 1021 2130 doctrina
1049 2094 1182 2129 habeat
1208 2091 1360 2139 aliquod

182 2148 454 2192 commercium,
472 2148 535 2195 qui
552 2160 589 2183 se
606 2160 681 2182 non
696 2147 794 2184 hunc
810 2147 1111 2184 mathematicum
1127 2145 1231 2181 malit
1246 2156 1359 2192 quam

180 2198 287 2235 illum
308 2201 538 2247 tyrannum?
596 2200 636 2236 Si
656 2201 745 2236 vitae
766 2202 919 2236 modum
938 2201 1193 2246 actionemque
1221 2197 1359 2245 quaeri-

181 2263 275 2295 mus,
296 2253 447 2289 alterius
474 2266 579 2290 mens
601 2253 805 2289 rationibus
835 2253 1017 2302 agitandis
1045 2250 1360 2299 exquirendisque

180 2304 347 2341 alebatur
366 2319 448 2342 cum
468 2306 712 2343 oblectatione
733 2307 919 2351 sollertiae,
940 2306 1003 2354 qui
1023 2313 1079 2341 est
1097 2317 1194 2340 unus
1213 2303 1359 2339 suavis-

180 2357 296 2395 simus
315 2366 444 2407 pastus
462 2361 693 2405 animorum3
715 2359 865 2397 alterius
884 2360 923 2396 in
942 2359 1042 2396 caede
1062 2365 1098 2395 et
1110 2357 1256 2406 injuriis
1273 2369 1360 2393 cum
