1471 2585
204 96 254 134 74
523 89 727 131 rvscufiAN
757 105 1056 131 DISPUTATIONS.
1195 91 1386 143 [31—34.

144 208 180 236 31
256 200 344 238 XV.
368 201 469 249 Ergo
484 201 555 237 hoc
568 201 764 237 Terentius
779 213 801 237 a
813 200 1048 249 philosophia
1064 206 1256 249 sumptum
1269 213 1388 249 quum

202 261 277 290 tam
298 255 490 290 commode
506 254 653 298 dixerit,
670 267 749 298 nos,
763 267 783 290 e
802 266 960 302 quorum
975 254 1142 290 fontibus
1155 254 1192 290 id
1207 255 1388 291 haustum

202 315 270 352 est,
290 320 364 344 non
385 316 422 344 et
441 308 606 344 dicemus
624 308 696 344 hoc
713 307 846 344 melius
860 313 897 343 et
911 307 1141 343 constantius
1155 307 1387 344 sentiemus?

203 361 279 397 Hic
315 368 372 397 est
406 361 506 397 enim
539 361 602 397 ille
634 361 762 397 vultus
795 372 940 409 semper
971 361 1082 405 idem,
1112 373 1224 408 quem
1253 361 1390 397 dicitur

202 414 420 463 Xanthippe
439 414 640 462 praedicare
659 414 768 451 solita
800 414 838 450 in
868 414 948 450 viro
980 426 1048 450 suo
1073 414 1187 450 fuisse
1211 415 1386 451 Socrate:

201 469 332 504 eodem
353 480 497 515 semper
516 480 554 503 se
575 468 712 504 vidisse
729 474 933 504 exeuntem
953 467 1059 503 illum
1079 467 1191 503 domo
1210 474 1248 503 et
1263 480 1387 503 rever-

201 527 356 557 tentem.
414 521 493 557 Nec
527 534 612 557 vero
643 534 687 557 ea
717 521 818 557 frons
849 526 937 564 erat,
959 533 1045 568 quae
1065 520 1121 556 M.
1142 520 1266 556 Crassi
1284 520 1387 556 illius

201 575 348 616 veteris,
367 587 477 622 quem
500 575 614 610 semel
633 575 684 610 ait
703 574 740 610 in
761 574 860 610 omni
882 574 959 609 vita
976 574 1099 609 risisse
1119 573 1301 617 Lucilius,
1323 574 1388 610 sed

200 627 403 675 tranquilla.
420 637 456 664 et
476 640 627 671 serena3
659 628 711 664 sic
737 627 834 663 enim
863 627 1087 675 accepimus.
1144 626 1232 662 Jure
1261 632 1388 663 autem

200 689 279 716 erat
298 694 442 729 semper
460 681 558 717 idem
577 681 718 725 vultus,
739 693 856 729 quum
876 680 1023 725 mentis,
1041 693 1062 717 a
1081 692 1157 728 qua
1170 680 1202 716 is
1218 680 1385 729 fingitur,

199 734 305 770 nulla
322 734 427 770 fieret
445 735 617 771 mutatio.

254 787 380 826 Quare
400 788 538 836 accipio
557 788 728 836 equidem
749 801 769 824 a
790 788 1004 836 Cyrenaicis
1030 788 1111 824 haec
1139 800 1241 824 arma
1258 793 1387 824 contra

200 852 308 876 casus
327 848 364 876 et
382 848 552 884 eventus,
572 841 711 889 quibus
726 853 854 877 eorum
869 841 1110 877 advenientes
1125 841 1287 889 impetus
1303 841 1388 877 diu-

201 902 311 929 turna
323 895 642 942 praemeditatione
653 895 881 943 frangantur,
895 895 1230 944 simulquejudico,
1244 894 1395 931 malum¹

140 954 182 984 32
200 946 293 982 illud
314 948 499 995 opinionis
519 960 610 990 esse,
630 960 704 984 non
725 955 883 985 naturae.
942 948 981 984 Si
1001 948 1101 984 enim
1129 947 1167 983 in
1188 960 1226 983 re
1246 955 1384 992 essent,

201 1013 266 1036 cur
296 1000 428 1037 fierent
460 1001 608 1049 provisa
636 1001 802 1037 leviora?
860 1001 934 1037 Sed
964 1008 1019 1037 est
1048 1001 1179 1037 iisdem
1211 1002 1386 1038 derebus

201 1054 303 1102 quod
334 1054 406 1090 dici
438 1054 556 1103 possit
585 1055 772 1098 subtilius,
793 1055 825 1090 si
857 1055 959 1103 prius
980 1054 1134 1103 Epicuri
1161 1055 1385 1091 sententiam

200 1107 415 1151 viderimus,
437 1108 502 1156 qui
521 1114 658 1151 censet,
676 1120 827 1144 necesse
847 1120 927 1143 esse
955 1119 1084 1143 omnes
1104 1108 1142 1143 in
1163 1107 1387 1156 aegritudine

198 1171 291 1204 esse,
313 1161 377 1208 qui
398 1173 436 1196 se
455 1161 495 1196 in
514 1161 622 1197 malis
641 1173 720 1197 esse
741 1161 977 1205 arbitrentur,
998 1161 1077 1197 sive
1104 1161 1169 1197 illa
1195 1167 1280 1197 ante
1299 1174 1386 1209 pro-

198 1213 280 1249 visa
297 1221 334 1249 et
353 1220 570 1262 exspectata
589 1214 664 1250 sint
682 1214 761 1251 sive
788 1214 1087 1250 inveteraverint.
1143 1214 1242 1250 Nam
1261 1227 1386 1263 neque

199 1274 385 1303 vetustate
404 1268 523 1303 minui
543 1268 639 1303 mala
658 1280 726 1303 nec
745 1268 824 1303 fieri
843 1268 1101 1316 praemeditata
1119 1267 1270 1310 leviora,
1289 1268 1384 1304 stul-

198 1327 350 1368 tamque
369 1321 481 1356 etiam
500 1333 579 1356 esse
599 1320 878 1356 meditationem
899 1321 1014 1356 futuri
1034 1320 1120 1356 mali
1146 1327 1212 1356 aut
1230 1321 1386 1358 fortasse

198 1385 244 1408 ne
277 1374 393 1409 futuri
424 1374 599 1421 quidem;
636 1373 724 1410 satis
757 1386 836 1409 esse
874 1374 1043 1409 odiosum
1080 1374 1222 1410 malum
1260 1386 1397 1418 omne„

199 1438 315 1473 quum
337 1427 523 1470 venisset3
556 1426 622 1475 qui
641 1433 764 1462 autem
786 1439 930 1475 semper
949 1427 1198 1475 cogitavisset,
1220 1427 1386 1464 accidere

200 1491 308 1527 posse
328 1479 469 1527 aliquid
488 1480 644 1523 adversi,
666 1481 699 1516 ei
718 1480 798 1516 fieri
817 1480 910 1516 illud
930 1481 1196 1528 sempiternum
1216 1481 1383 1522 malum:

200 1532 230 1568 si
250 1545 336 1568 vero
356 1546 402 1568 ne
421 1533 589 1569 futurum
612 1533 761 1581 quidem
791 1534 850 1577 sit,
871 1534 1004 1569 frustra
1033 1534 1171 1582 suscipi
1198 1534 1385 1571 miseriam

198 1585 473 1624 voluntariam:
504 1587 556 1623 ita
576 1599 721 1635 semper
739 1587 824 1636 angi
852 1594 918 1623 aut
946 1587 1160 1635 accipiendo
1190 1594 1257 1624 aut
1283 1588 1384 1637 cogi-

199 1639 313 1675 tando
331 1640 443 1676 malo.

141 1700 182 1730 33
254 1692 497 1729 Levationem
517 1700 642 1729 autem
662 1693 894 1742 aegritudinis
912 1694 951 1729 in
971 1694 1116 1730 duabus
1135 1693 1246 1730 rebus
1265 1694 1384 1743 ponit,

200 1745 415 1783 avocatione
435 1759 457 1782 a
475 1747 672 1795 cogitanda
698 1747 868 1784 molestia
895 1754 933 1783 et
960 1748 1191 1784 revocatione
1220 1747 1265 1783 ad
1294 1760 1384 1784 con-

201 1799 433 1846 templandas
469 1800 694 1848 voluptates.
753 1800 886 1836 Parere
922 1801 1020 1837 enim
1055 1807 1182 1836 censet
1217 1801 1384 1837 animum

199 1852 334 1887 rationi
367 1866 473 1900 posse
503 1860 552 1897 et,
587 1866 661 1902 quo
689 1853 755 1890 illa
787 1854 911 1898 ducat,
944 1855 1063 1902 sequi.
1120 1853 1235 1890 Vetat
1270 1854 1387 1903 igitur

199 1905 293 1940 ratio
313 1905 447 1941 intueri
477 1907 677 1950 molestias,
697 1907 877 1943 abstrahit
904 1908 950 1944 ab
979 1907 1118 1943 acerbis
1147 1907 1384 1956 cogitationi-

200 1958 285 2001 bus,
306 1958 455 1995 hebetat
475 1959 589 1995 aciem
610 1960 656 1995 ad
676 1960 841 1996 miserias
869 1961 1185 2009 contemplandas,
1205 1973 1226 1996 a
1245 1960 1385 2008 quibus

201 2023 318 2058 quum
339 2012 472 2048 cecinit
490 2013 666 2060 receptui,
680 2014 841 2061 impellit
859 2026 1004 2050 rursum
1025 2022 1062 2050 et
1080 2014 1209 2050 incitat
1228 2014 1276 2049 ad
1295 2026 1384 2050 con-

202 2064 409 2112 spiciendas
428 2072 580 2114 totaque
593 2073 717 2102 mente
733 2068 1012 2103 contrectandas
1027 2067 1146 2103 varias
1158 2066 1383 2114 voluptates,

201 2118 339 2164 quibus
376 2119 438 2155 ille
475 2125 512 2155 et
547 2119 819 2167 praeteritarum
862 2120 1040 2156 memoria
1075 2126 1112 2156 et
1149 2131 1213 2167 spe
1250 2131 1383 2156 conse-

201 2171 397 2217 quentium
419 2172 594 2220 sapientis
614 2172 728 2208 vitam
757 2173 927 2209 refertam
956 2179 1074 2222 putat.
1132 2173 1229 2208 Haee
1256 2181 1384 2209 nostro

202 2235 303 2258 more
335 2237 402 2261 nos
431 2226 609 2269 diximus,
631 2225 804 2274 Epicurei
825 2227 955 2262 dieunt
979 2238 1058 2262 suo.
1115 2226 1190 2262 Sed
1218 2237 1307 2274 quae
1326 2226 1384 2262 di-

202 2283 300 2318 cant,
321 2277 537 2323 videamu83
571 2291 646 2327 quo
665 2279 788 2323 mod0‚
809 2280 1052 2328 negligamus.

145 2337 186 2366 34
256 2329 368 2366 XVI.
400 2331 587 2380 Principio
606 2332 702 2368 male
720 2333 995 2380 reprehendunt
1022 2331 1383 2380 praemeditationem

203 2395 326 2419 rerum
343 2383 565 2421 futurarum.
622 2385 726 2422 Nihil
749 2392 806 2422 est
832 2386 944 2430 enim,
964 2386 1066 2434 quod
1093 2391 1169 2421 tam
1198 2385 1384 2423 obtundat
